1917 3117
394 229 483 267 LIBER
498 230 530 266 11.
775 225 826 275 261

104 386 181 448 siquis
194 387 226 433 ad
239 385 284 434 illa
298 387 359 434 deus
372 386 456 434 subito
469 394 495 434 te
508 394 577 448 agat,
592 400 673 448 usque
685 400 797 446 recuses,

59 483 88 522 25
102 483 145 522 aut
158 474 217 537 quia
229 488 282 522 uon
296 475 374 523 sends
388 476 457 537 quod
471 476 567 523 clamas
581 474 673 523 rectius
686 488 750 533 esse,

103 570 146 610 aut
158 563 218 625 quia
231 576 284 610 uon
297 563 383 611 firmus
397 570 494 610 rectum
507 562 623 611 defendis
637 569 662 610 et
673 562 763 610 haeres

102 651 258 713 nequiquam
271 665 351 700 caeno
365 651 471 713 cupiens
485 651 594 700 evellere
606 651 730 713 plantam.

101 738 198 787 Romae
210 753 253 786 rus
266 747 350 802 optas,
367 741 499 788 absentem
511 739 620 787 rusticus
633 739 723 787 urbem

101 827 170 876 tollis
183 828 216 874 ad
229 836 298 876 astra
310 829 382 876 levis.
411 829 432 876 si
445 842 573 891 nusquam
586 843 613 876 es
626 827 693 875 forto
705 833 810 874 vocatus

57 924 86 964 30
102 916 134 963 ad
147 929 245 973 cenam,
260 916 352 964 laudas
366 931 485 964 securum
497 917 554 964 olus
567 931 607 975 ac,
623 916 691 964 velut
703 930 812 977 usquam

102 1004 199 1052 vinctus
213 1018 265 1062 eas,
280 1004 316 1053 ita
328 1015 354 1052 te
367 1004 468 1053 felicem
487 1004 550 1052 dicis
563 1018 686 1066 auumque

100 1092 169 1155 quod
183 1107 310 1155 nusquam
323 1093 368 1140 tibi
381 1093 414 1141 sit
426 1093 577 1155 potandum.
604 1093 706 1141 iusserit
719 1093 751 1140 ad
765 1107 793 1141 se

100 1181 237 1229 Maecenas
250 1194 335 1229 serum
347 1181 394 1228 sub
407 1180 506 1228 lumina
517 1181 599 1243 prima
611 1181 697 1229 venire

100 1269 247 1318 convivam:
268 1270 379 1318 “nemon
395 1270 480 1318 oleum
493 1269 542 1318 fert
555 1270 644 1318 ocius?
663 1270 750 1332 ecquis

56 1367 88 1409 35
102 1359 207 1407 audit?'’
226 1374 284 1407 cum
296 1374 392 1421 magno
403 1359 517 1409 blateras
531 1360 643 1408 clamore
655 1359 785 1422 iugisque.

98 1447 208 1495 Mulvius
223 1456 247 1496 at
259 1462 361 1496 scurrae
374 1448 420 1497 tibi
432 1463 485 1496 non
498 1448 635 1496 reserenda
648 1449 744 1511 precati

100 1534 244 1583 discedunt.
272 1535 384 1584 “etenim
396 1536 480 1585 fateor
492 1537 549 1585 me'’
562 1535 654 1583 dixerit
667 1537 711 1585 ille

96 1623 171 1671 “duci
183 1631 269 1672 venue
281 1625 371 1683 levem,
387 1638 479 1672 nasum
491 1623 583 1671 nidore
596 1624 711 1685 supinet.

99 1711 244 1768 inbecillus,
259 1711 337 1770 iners,
353 1710 436 1773 siquid
451 1712 498 1767 vis,
514 1711 589 1770 adde,
605 1711 712 1774 popino.

50 1808 83 1848 40
99 1807 126 1847 tu
139 1812 197 1846 cum
210 1798 244 1845 sis
258 1799 327 1859 quod
342 1811 390 1859 ego
405 1807 430 1846 et
442 1799 560 1847 fortassis
573 1799 691 1861 nequior,
707 1800 774 1847 ultro

99 1887 223 1934 insectere
236 1886 305 1935 velut
317 1886 417 1945 melior,
433 1887 567 1948 verbisque
581 1887 679 1935 decoris

99 1974 221 2023 obvolvas
234 1974 355 2022 vitium?'’
374 1975 444 2036 quid,
460 1974 482 2021 si
496 1989 536 2022 me
549 1974 651 2022 stultior
662 1974 721 2037 ipso

99 2062 246 2126 quingentis
260 2071 345 2125 empto
360 2062 486 2110 drachmis
500 2063 683 2125 deprenderis?
702 2063 775 2111 aufer

98 2166 139 2200 me
153 2152 225 2199 voltu
237 2159 348 2211 torrerc;
368 2166 473 2200 manum
487 2152 698 2215 stomachumque
710 2160 808 2210 teneto,

5 2235 8 2246 '
49 2251 83 2292 45
100 2241 159 2288 dum
174 2254 240 2303 quaa
254 2239 366 2303 Crispini
379 2240 465 2288 docuit
476 2255 518 2288 me
530 2241 625 2289 ianitor
637 2242 696 2289 edo.

98 2336 125 2377 te
138 2330 252 2378 coniunx
265 2330 351 2377 aliena
363 2329 440 2391 capit,
456 2329 619 2377 meretricula
630 2329 741 2377 Davum.

97 2426 188 2481 peceat
200 2426 257 2466 uter
269 2425 386 2465 nostrum
399 2431 475 2465 eruce
489 2416 609 2479 dignius?
628 2419 692 2466 acris
705 2419 749 2467 ubi
762 2433 804 2467 me

95 2515 187 2554 natura
200 2507 381 2566 intenditsub
396 2506 467 2554 clara
478 2507 549 2554 nuda
561 2507 668 2554 lucerna

97 2609 275 2657 quaecumque
287 2595 390 2658 excepit
403 2594 529 2658 turgent-is
543 2596 648 2644 verbera
660 2596 767 2656 caudae,

47 2692 79 2731 50
97 2683 215 2731 clunibus
227 2693 271 2731 aut
284 2685 389 2747 agitavit
401 2699 496 2746 equum
508 2684 604 2732 lasciva
616 2684 746 2747 supinum.
