1917 3117
367 233 454 273 LIBER
466 236 512 273 111.

68 390 214 455 [Cerberus‚
232 392 345 454 quamvis
359 392 449 442 furiale
462 403 566 442 centum

66 481 183 529 muniant
195 495 292 543 angues
306 490 383 545 caput
396 482 450 531 eius
463 491 540 546 atque

67 570 168 633 spiritus
181 577 263 619 laeter
275 572 412 634 saniesque
424 583 512 621 manet

18 666 45 706 20
67 673 111 707 ore
123 656 262 722 trilingui]

68 802 129 864 quin
143 809 169 850 et
179 801 256 851 Ixion
269 803 410 868 Tityosque
422 806 494 854 voltu

66 891 122 939 risit
134 890 228 952 invit03
250 893 318 941 stetit
329 908 394 942 urna
407 896 522 957 paullum

66 980 143 1040 sicea,
159 981 219 1028 dum
232 987 305 1043 grato
318 981 403 1031 Danai
416 984 516 1046 puellas

65 1070 178 1119 carmine
189 1055 295 1118 mulces.

17 1220 45 1261 25
66 1213 154 1261 audiat
165 1212 237 1275 Lyde
249 1214 333 1270 scelus
346 1221 423 1277 atqua
435 1223 510 1263 notas

64 1302 192 1364 virginum
204 1316 301 1364 poenas
314 1311 339 1351 et
351 1304 427 1352 inane
440 1305 559 1368 lymphae

65 1391 163 1450 dolium
175 1391 256 1439 fundo
269 1393 399 1454 pereuntis
411 1395 463 1441 imo

65 1495 172 1544 seraque
185 1480 247 1541 sata,

65 1638 131 1686 quae
144 1631 249 1672 manent
261 1624 349 1687 culpas
363 1624 440 1673 etiarn
452 1626 499 1674 sul)
514 1624 591 1675 Orco.

12 1723 45 1763 30
65 1712 152 1777 inpiae
164 1728 225 1760 nam
239 1714 298 1775 quid
309 1721 415 1776 potuere
428 1714 528 1763 maius?

64 1803 151 1865 inpiae
164 1816 275 1865 sponsos
289 1811 395 1865 potuere
407 1805 472 1852 duro

64 1893 173 1955 perdere
186 1891 264 1940 ferro.

62 2050 116 2083 una
129 2034 161 2083 de
172 2035 259 2082 multis
272 2034 328 2083 sace
340 2035 447 2098 nuptiali

63 2125 144 2186 digna
156 2123 282 2186 periurum
297 2124 345 2173 fuit
356 2125 383 2172 in
396 2134 530 2188 parentem

12 2221 41 2264 35
62 2212 200 2277 splendide
213 2214 324 2261 mendax
337 2214 400 2262 etin
414 2230 491 2263 omne
503 2216 574 2278 virgo

62 2302 159 2352 nobilis
172 2317 271 2362 aevum,

60 2446 157 2509 ‘surge'
169 2461 235 2509 quae
248 2446 312 2495 dixit
323 2447 406 2495 iuveni
419 2448 519 2505 marito,

59 2536 157 2598 ‘surge
172 2549 206 2584 ne
219 2536 312 2598 longus
325 2535 370 2584 tibi
383 2533 489 2584 somnus
501 2536 570 2584 unde

31 2659 36 2672 .
60 2641 117 2674 non
130 2624 204 2673 times
217 2625 305 2673 delur:
321 2640 444 2674 socerum
458 2633 483 2674 et
495 2627 616 2674 scelestas

12 2725 37 2765 ιο
58 2715 124 2764 falle
138 2728 248 2773 sorores,

116 2817 213 2853 Horatius.
229 2816 259 2851 ed.
269 2817 291 2853 11.
