1917 3117
404 198 502 236 LIBER.

37 363 64 406 lu
83 357 165 404 iussus
178 357 248 404 ubire
261 356 366 402 domum
378 354 479 403 ferebar
492 356 591 403 incerto
605 355 671 417 pede

84 446 116 492 ad
128 459 182 492 non
195 443 291 491 amicos
304 442 354 491 beu
366 442 428 490 mihi
441 443 523 504 postis
537 451 562 491 et
573 443 623 491 heu

85 533 171 581 limine
185 534 256 591 dura,
272 532 363 594 quibus
376 532 476 579 lumbos
491 539 516 580 et
527 531 621 594 infregi
633 532 709 580 latus.

84 636 152 670 nunc
164 621 297 684 gloriantis
310 620 449 682 quamlibet
463 621 639 669 mulierculam

84 711 184 759 vincere
196 709 305 758 mollitie
323 723 395 757 emor·
407 709 508 770 Lycisci
521 724 561 757 mc
573 717 657 769 tenet3

35 809 64 849 25
85 799 152 847 unde
165 797 285 860 expedire
296 812 351 846 non
369 799 509 846 amicorum
522 806 619 860 queant

84 889 164 937 libere
176 885 284 935 consiliu
296 901 343 934 nec
357 887 526 936 contumeliae
546 900 645 950 graves,

85 977 128 1025 sed
142 976 206 1024 alius
219 975 296 1023 ordor
307 982 352 1023 aut
364 977 465 1038 puellae
478 975 603 1024 candidae

85 1074 129 1113 aut
140 1065 225 1113 teretis
240 1064 313 1127 pueri
328 1066 433 1127 longum
451 1065 599 1113 renodantis
613 1077 722 1112 comam.

428 1507 487 1555 XII.

87 1683 154 1744 Quid
167 1683 212 1732 tibi
224 1684 270 1742 vis,
286 1685 377 1732 mulier
389 1685 468 1747 nigris
482 1686 632 1748 dignissima
645 1683 743 1734 burris?

85 1786 192 1821 munera
205 1772 264 1836 quid
279 1773 348 1829 mihi,
364 1773 455 1835 quidve
467 1775 578 1823 tabellas

85 1862 163 1910 mittis
176 1876 225 1909 nec
238 1862 309 1909 firmo
323 1862 407 1910 iuveni
421 1878 504 1924 neque
518 1865 586 1912 naris
599 1862 708 1912 obesae?

87 1963 198 2012 nemque
211 1951 329 2011 sagacius
341 1965 407 1998 unus
420 1951 524 2010 odoror,

50 2048 63 2087 5
85 2039 196 2102 polypus
209 2053 243 2085 en
256 2039 338 2101 gravis
354 2039 454 2087 hirsutis
467 2040 543 2087 cubet
554 2040 639 2087 hircus
652 2039 678 2087 in
691 2039 747 2097 elis,

85 2142 164 2189 quum
177 2127 247 2175 cunis
260 2142 319 2176 acer
331 2127 373 2175 ubi
388 2129 466 2176 latent
478 2143 530 2175 sus.
757 2129 759 2132 ’

85 2215 129 2278 qni
143 2216 222 2264 sudor
233 2216 304 2265 vietis
318 2225 343 2264 et
356 2231 432 2279 quem
444 2217 527 2265 malus
539 2218 653 2279 undiquc
666 2215 785 2264 membris

86 2305 178 2353 crescit
190 2307 263 2364 odor,
279 2320 337 2353 cum
350 2320 416 2369 pene
429 2307 514 2354 soluto

85 2394 238 2442 indomitum
251 2403 372 2457 properet
388 2395 485 2444 rabiem
497 2395 595 2452 sedere
612 2408 695 2457 neque
708 2395 745 2442 illi

32 2492 63 2531 ιο
84 2482 137 2530 ium
150 2490 237 2532 munet
248 2485 335 2532 umida
347 2493 416 2532 creta
433 2486 555 2546 colorque

85 2578 200 2620 stercore
212 2572 311 2620 fucatus
326 2573 457 2632 crocodili,
472 2574 575 2635 iamque
587 2574 704 2621 subando

85 2667 158 2708 tenta
172 2660 266 2709 cubilia
278 2668 397 2724 tectaque
410 2664 518 2727 rumpit3
