<?xml version="1.0" encoding="UTF-8"?>
<!DOCTYPE html PUBLIC "-//W3C//DTD XHTML 1.0 Transitional//EN"
    "http://www.w3.org/TR/xhtml1/DTD/xhtml1-transitional.dtd">
<html xmlns="http://www.w3.org/1999/xhtml" xml:lang="en" lang="en">
 <head>
  <title>
</title>
<meta http-equiv="Content-Type" content="text/html;charset=utf-8" />
  <meta name='ocr-system' content='tesseract 3.04.00' />
  <meta name='ocr-capabilities' content='ocr_page ocr_carea ocr_par ocr_line ocrx_word'/>
</head>
<body>
  <div class='ocr_page' id='page_1' title='image "./opera00haupgoog_0358.png"; bbox 0 0 1917 3117; ppageno 0'>
   <div class='ocr_carea' id='block_1_1' title="bbox 140 189 570 239">
    <p class='ocr_par' dir='ltr' id='par_1_1' title="bbox 140 189 570 239">
     <span class='ocr_line' id='line_1_1' title="bbox 140 189 570 239; baseline 0.005 -11"><span class='ocrx_word' id='word_1_1' title='bbox 140 189 193 239; x_wconf 72' lang='lat' dir='ltr'>m</span> <span class='ocrx_word' id='word_1_2' title='bbox 439 193 479 230; x_wconf 85' lang='lat' dir='ltr'>un</span> <span class='ocrx_word' id='word_1_3' title='bbox 492 193 570 230; x_wconf 74' lang='lat' dir='ltr'>me</span> 
     </span>
    </p>
   </div>
   <div class='ocr_carea' id='block_1_2' title="bbox 74 349 942 2706">
    <p class='ocr_par' dir='ltr' id='par_1_2' title="bbox 139 349 942 677">
     <span class='ocr_line' id='line_1_2' title="bbox 141 349 753 409; baseline 0.002 -12"><span class='ocrx_word' id='word_1_4' title='bbox 141 357 168 397; x_wconf 86' lang='lat' dir='ltr'>nt</span> <span class='ocrx_word' id='word_1_5' title='bbox 180 349 325 398; x_wconf 76' lang='lat' dir='ltr'>ridentibus</span> <span class='ocrx_word' id='word_1_6' title='bbox 339 349 460 409; x_wconf 77' lang='lat' dir='ltr'><strong>arrident,</strong></span> <span class='ocrx_word' id='word_1_7' title='bbox 474 350 512 398; x_wconf 82' lang='lat' dir='ltr'>itu</span> <span class='ocrx_word' id='word_1_8' title='bbox 524 349 645 398; x_wconf 84' lang='lat' dir='ltr'>flentibus</span> <span class='ocrx_word' id='word_1_9' title='bbox 658 349 753 398; x_wconf 77' lang='lat' dir='ltr'>adflent</span> 
     </span>
     <span class='ocr_line' id='line_1_3' title="bbox 139 438 942 508; baseline 0 -22"><span class='ocrx_word' id='word_1_10' title='bbox 139 438 244 486; x_wconf 72' lang='lat' dir='ltr'>humani</span> <span class='ocrx_word' id='word_1_11' title='bbox 255 439 349 486; x_wconf 89' lang='lat' dir='ltr'>voltus.</span> <span class='ocrx_word' id='word_1_12' title='bbox 376 439 398 486; x_wconf 87' lang='lat' dir='ltr'>si</span> <span class='ocrx_word' id='word_1_13' title='bbox 410 438 447 485; x_wconf 85' lang='lat' dir='ltr'>vis</span> <span class='ocrx_word' id='word_1_14' title='bbox 459 453 501 487; x_wconf 90' lang='lat' dir='ltr'>me</span> <span class='ocrx_word' id='word_1_15' title='bbox 514 438 583 496; x_wconf 89' lang='lat' dir='ltr'>dere,</span> <span class='ocrx_word' id='word_1_16' title='bbox 599 438 763 486; x_wconf 89' lang='lat' dir='ltr'>dolendumst</span> <span class='ocrx_word' id='word_1_17' title='bbox 939 494 942 508; x_wconf 35' lang='grc' dir='ltr'>ι</span> 
     </span>
     <span class='ocr_line' id='line_1_4' title="bbox 140 510 941 590; baseline 0.004 -16"><span class='ocrx_word' id='word_1_18' title='bbox 140 527 249 589; x_wconf 85' lang='lat' dir='ltr'>primum</span> <span class='ocrx_word' id='word_1_19' title='bbox 261 528 310 590; x_wconf 89' lang='lat' dir='ltr'>ipsi</span> <span class='ocrx_word' id='word_1_20' title='bbox 322 526 381 575; x_wconf 88' lang='lat' dir='ltr'>tibi:</span> <span class='ocrx_word' id='word_1_21' title='bbox 402 536 464 575; x_wconf 89' lang='lat' dir='ltr'>tuuc</span> <span class='ocrx_word' id='word_1_22' title='bbox 476 536 521 575; x_wconf 80' lang='lat' dir='ltr'>tna</span> <span class='ocrx_word' id='word_1_23' title='bbox 537 540 579 574; x_wconf 91' lang='lat' dir='ltr'>me</span> <span class='ocrx_word' id='word_1_24' title='bbox 591 525 732 576; x_wconf 80' lang='lat' dir='ltr'>infortunia</span> <span class='ocrx_word' id='word_1_25' title='bbox 744 527 858 585; x_wconf 82' lang='lat' dir='ltr'>laedent,</span> <span class='ocrx_word' id='word_1_26' title='bbox 940 510 941 517; x_wconf 9' lang='grc' dir='ltr'>ἵ</span> 
     </span>
     <span class='ocr_line' id='line_1_5' title="bbox 139 614 805 677; baseline 0.005 -16"><span class='ocrx_word' id='word_1_27' title='bbox 139 614 254 677; x_wconf 85' lang='lat' dir='ltr'>Telephe</span> <span class='ocrx_word' id='word_1_28' title='bbox 267 616 306 663; x_wconf 91' lang='lat' dir='ltr'>vel</span> <span class='ocrx_word' id='word_1_29' title='bbox 319 615 414 663; x_wconf 87' lang='lat' dir='ltr'>Pelen:</span> <span class='ocrx_word' id='word_1_30' title='bbox 433 616 501 663; x_wconf 85' lang='lat' dir='ltr'>male</span> <span class='ocrx_word' id='word_1_31' title='bbox 513 615 534 662; x_wconf 92' lang='lat' dir='ltr'>si</span> <span class='ocrx_word' id='word_1_32' title='bbox 546 616 670 663; x_wconf 80' lang='lat' dir='ltr'>mundata</span> <span class='ocrx_word' id='word_1_33' title='bbox 683 615 805 677; x_wconf 90' lang='lat' dir='ltr'>loqueris,</span> 
     </span>
    </p>

    <p class='ocr_par' dir='ltr' id='par_1_3' title="bbox 77 703 841 1119">
     <span class='ocr_line' id='line_1_6' title="bbox 77 703 754 752; baseline 0 -1"><span class='ocrx_word' id='word_1_34' title='bbox 77 712 124 752; x_wconf 85' lang='lat'>105</span> <span class='ocrx_word' id='word_1_35' title='bbox 140 712 184 751; x_wconf 81' lang='lat' dir='ltr'>eut</span> <span class='ocrx_word' id='word_1_36' title='bbox 197 703 341 751; x_wconf 75' lang='lat' dir='ltr'><strong>dormitabo</strong></span> <span class='ocrx_word' id='word_1_37' title='bbox 354 711 397 751; x_wconf 80' lang='lat' dir='ltr'>aut</span> <span class='ocrx_word' id='word_1_38' title='bbox 410 703 509 752; x_wconf 81' lang='lat' dir='ltr'>ridebo.</span> <span class='ocrx_word' id='word_1_39' title='bbox 537 703 619 751; x_wconf 77' lang='lat' dir='ltr'>tristia</span> <span class='ocrx_word' id='word_1_40' title='bbox 630 712 754 751; x_wconf 83' lang='lat' dir='ltr'>maestum</span> 
     </span>
     <span class='ocr_line' id='line_1_7' title="bbox 140 791 785 854; baseline 0.002 -15"><span class='ocrx_word' id='word_1_41' title='bbox 140 792 237 839; x_wconf 89' lang='lat' dir='ltr'>voltum</span> <span class='ocrx_word' id='word_1_42' title='bbox 249 791 326 846; x_wconf 79' lang='lat' dir='ltr'>verbu</span> <span class='ocrx_word' id='word_1_43' title='bbox 339 791 439 850; x_wconf 88' lang='lat' dir='ltr'>decent,</span> <span class='ocrx_word' id='word_1_44' title='bbox 454 793 547 840; x_wconf 77' lang='lat' dir='ltr'>iratum</span> <span class='ocrx_word' id='word_1_45' title='bbox 559 792 637 854; x_wconf 82' lang='lat' dir='ltr'>plena</span> <span class='ocrx_word' id='word_1_46' title='bbox 648 792 785 852; x_wconf 76' lang='lat' dir='ltr'>minarum,</span> 
     </span>
     <span class='ocr_line' id='line_1_8' title="bbox 140 879 689 937; baseline 0 -10"><span class='ocrx_word' id='word_1_47' title='bbox 140 880 272 929; x_wconf 87' lang='lat' dir='ltr'>ludentem</span> <span class='ocrx_word' id='word_1_48' title='bbox 285 879 390 937; x_wconf 81' lang='lat' dir='ltr'>lesciva,</span> <span class='ocrx_word' id='word_1_49' title='bbox 405 893 521 928; x_wconf 86' lang='lat' dir='ltr'>severum</span> <span class='ocrx_word' id='word_1_50' title='bbox 533 880 600 928; x_wconf 81' lang='lat' dir='ltr'>seria</span> <span class='ocrx_word' id='word_1_51' title='bbox 613 880 689 928; x_wconf 90' lang='lat' dir='ltr'>dictu.</span> 
     </span>
     <span class='ocr_line' id='line_1_9' title="bbox 140 967 807 1030; baseline 0.004 -16"><span class='ocrx_word' id='word_1_52' title='bbox 140 967 235 1015; x_wconf 81' lang='lat' dir='ltr'>formet</span> <span class='ocrx_word' id='word_1_53' title='bbox 246 967 314 1015; x_wconf 91' lang='lat' dir='ltr'>enim</span> <span class='ocrx_word' id='word_1_54' title='bbox 326 977 419 1016; x_wconf 79' lang='lat' dir='ltr'>nutura</span> <span class='ocrx_word' id='word_1_55' title='bbox 431 969 501 1030; x_wconf 90' lang='lat' dir='ltr'>prius</span> <span class='ocrx_word' id='word_1_56' title='bbox 515 983 563 1016; x_wconf 86' lang='lat' dir='ltr'>nos</span> <span class='ocrx_word' id='word_1_57' title='bbox 575 969 646 1017; x_wconf 87' lang='lat' dir='ltr'>intus</span> <span class='ocrx_word' id='word_1_58' title='bbox 658 970 690 1016; x_wconf 81' lang='lat' dir='ltr'>nd</span> <span class='ocrx_word' id='word_1_59' title='bbox 703 982 807 1017; x_wconf 89' lang='lat' dir='ltr'>omnem</span> 
     </span>
     <span class='ocr_line' id='line_1_10' title="bbox 139 1055 841 1119; baseline 0.004 -16"><span class='ocrx_word' id='word_1_60' title='bbox 139 1055 301 1103; x_wconf 77' lang='lat' dir='ltr'>fortunarum</span> <span class='ocrx_word' id='word_1_61' title='bbox 313 1055 443 1115; x_wconf 79' lang='lat' dir='ltr'>hahitum3</span> <span class='ocrx_word' id='word_1_62' title='bbox 462 1057 534 1104; x_wconf 82' lang='lat' dir='ltr'>iuvet</span> <span class='ocrx_word' id='word_1_63' title='bbox 550 1066 595 1105; x_wconf 82' lang='lat' dir='ltr'>eut</span> <span class='ocrx_word' id='word_1_64' title='bbox 606 1057 707 1119; x_wconf 82' lang='lat' dir='ltr'>inpellit</span> <span class='ocrx_word' id='word_1_65' title='bbox 719 1056 752 1104; x_wconf 76' lang='lat' dir='ltr'>ad</span> <span class='ocrx_word' id='word_1_66' title='bbox 765 1058 841 1119; x_wconf 83' lang='lat' dir='ltr'>irum,</span> 
     </span>
    </p>

    <p class='ocr_par' dir='ltr' id='par_1_4' title="bbox 78 1144 809 1562">
     <span class='ocr_line' id='line_1_11' title="bbox 78 1144 809 1208; baseline 0.001 -16"><span class='ocrx_word' id='word_1_67' title='bbox 78 1152 125 1192; x_wconf 82' lang='lat' dir='ltr'>lto</span> <span class='ocrx_word' id='word_1_68' title='bbox 140 1152 184 1192; x_wconf 86' lang='lat' dir='ltr'>eut</span> <span class='ocrx_word' id='word_1_69' title='bbox 196 1145 228 1191; x_wconf 84' lang='lat' dir='ltr'>ed</span> <span class='ocrx_word' id='word_1_70' title='bbox 242 1144 346 1191; x_wconf 87' lang='lat' dir='ltr'>humum</span> <span class='ocrx_word' id='word_1_71' title='bbox 358 1159 475 1192; x_wconf 85' lang='lat' dir='ltr'>mucrore</span> <span class='ocrx_word' id='word_1_72' title='bbox 487 1145 558 1206; x_wconf 84' lang='lat' dir='ltr'>grnvi</span> <span class='ocrx_word' id='word_1_73' title='bbox 570 1145 673 1193; x_wconf 80' lang='lat' dir='ltr'>deducit</span> <span class='ocrx_word' id='word_1_74' title='bbox 684 1153 709 1194; x_wconf 89' lang='lat' dir='ltr'>et</span> <span class='ocrx_word' id='word_1_75' title='bbox 721 1146 809 1208; x_wconf 80' lang='lat' dir='ltr'>augit:</span> 
     </span>
     <span class='ocr_line' id='line_1_12' title="bbox 139 1232 734 1296; baseline 0.002 -16"><span class='ocrx_word' id='word_1_76' title='bbox 139 1241 198 1296; x_wconf 88' lang='lat' dir='ltr'>post</span> <span class='ocrx_word' id='word_1_77' title='bbox 211 1232 284 1281; x_wconf 83' lang='lat' dir='ltr'>effert</span> <span class='ocrx_word' id='word_1_78' title='bbox 297 1232 375 1280; x_wconf 81' lang='lat' dir='ltr'>enimi</span> <span class='ocrx_word' id='word_1_79' title='bbox 387 1242 472 1281; x_wconf 88' lang='lat' dir='ltr'>motus</span> <span class='ocrx_word' id='word_1_80' title='bbox 485 1234 624 1295; x_wconf 83' lang='lat' dir='ltr'><strong>interprete</strong></span> <span class='ocrx_word' id='word_1_81' title='bbox 637 1234 734 1296; x_wconf 81' lang='lat' dir='ltr'>lingue.</span> 
     </span>
     <span class='ocr_line' id='line_1_13' title="bbox 139 1321 692 1381; baseline 0.005 -13"><span class='ocrx_word' id='word_1_82' title='bbox 139 1322 161 1369; x_wconf 89' lang='lat' dir='ltr'>si</span> <span class='ocrx_word' id='word_1_83' title='bbox 175 1321 282 1369; x_wconf 81' lang='lat' dir='ltr'>dicentis</span> <span class='ocrx_word' id='word_1_84' title='bbox 294 1328 368 1368; x_wconf 91' lang='lat' dir='ltr'>erunt</span> <span class='ocrx_word' id='word_1_85' title='bbox 380 1321 490 1369; x_wconf 82' lang='lat' dir='ltr'>fortunis</span> <span class='ocrx_word' id='word_1_86' title='bbox 503 1323 603 1369; x_wconf 84' lang='lat' dir='ltr'>ubsone</span> <span class='ocrx_word' id='word_1_87' title='bbox 615 1322 692 1381; x_wconf 84' lang='lat' dir='ltr'>dicte,</span> 
     </span>
     <span class='ocr_line' id='line_1_14' title="bbox 138 1408 804 1473; baseline 0.006 -17"><span class='ocrx_word' id='word_1_88' title='bbox 138 1408 248 1457; x_wconf 76' lang='lat' dir='ltr'>Romani</span> <span class='ocrx_word' id='word_1_89' title='bbox 261 1408 354 1458; x_wconf 90' lang='lat' dir='ltr'>tollent</span> <span class='ocrx_word' id='word_1_90' title='bbox 365 1410 464 1471; x_wconf 77' lang='lat' dir='ltr'>equites</span> <span class='ocrx_word' id='word_1_91' title='bbox 476 1410 628 1473; x_wconf 73' lang='lat' dir='ltr'>peditesque</span> <span class='ocrx_word' id='word_1_92' title='bbox 641 1412 804 1460; x_wconf 77' lang='lat' dir='ltr'><strong>cachinnum.</strong></span> 
     </span>
     <span class='ocr_line' id='line_1_15' title="bbox 137 1497 768 1562; baseline 0.006 -18"><span class='ocrx_word' id='word_1_93' title='bbox 137 1498 252 1547; x_wconf 88' lang='lat' dir='ltr'>intererit</span> <span class='ocrx_word' id='word_1_94' title='bbox 264 1497 372 1546; x_wconf 88' lang='lat' dir='ltr'>multum</span> <span class='ocrx_word' id='word_1_95' title='bbox 385 1498 491 1546; x_wconf 81' lang='lat' dir='ltr'>divusne</span> <span class='ocrx_word' id='word_1_96' title='bbox 504 1499 625 1562; x_wconf 80' lang='lat' dir='ltr'>loquutur</span> <span class='ocrx_word' id='word_1_97' title='bbox 636 1516 668 1548; x_wconf 84' lang='lat' dir='ltr'>un</span> <span class='ocrx_word' id='word_1_98' title='bbox 682 1501 768 1560; x_wconf 83' lang='lat' dir='ltr'>heros,</span> 
     </span>
    </p>

    <p class='ocr_par' dir='ltr' id='par_1_5' title="bbox 77 1585 821 2006">
     <span class='ocr_line' id='line_1_16' title="bbox 77 1585 758 1637; baseline 0.004 -3"><span class='ocrx_word' id='word_1_99' title='bbox 77 1594 122 1634; x_wconf 81' lang='lat'>115</span> <span class='ocrx_word' id='word_1_100' title='bbox 138 1594 287 1634; x_wconf 78' lang='lat' dir='ltr'>maturusne</span> <span class='ocrx_word' id='word_1_101' title='bbox 299 1599 379 1633; x_wconf 83' lang='lat' dir='ltr'>senex</span> <span class='ocrx_word' id='word_1_102' title='bbox 391 1600 424 1633; x_wconf 84' lang='lat' dir='ltr'>an</span> <span class='ocrx_word' id='word_1_103' title='bbox 437 1585 521 1634; x_wconf 79' lang='lat' dir='ltr'>adhuc</span> <span class='ocrx_word' id='word_1_104' title='bbox 534 1588 642 1636; x_wconf 87' lang='lat' dir='ltr'>florente</span> <span class='ocrx_word' id='word_1_105' title='bbox 653 1589 758 1637; x_wconf 81' lang='lat' dir='ltr'>inventu</span> 
     </span>
     <span class='ocr_line' id='line_1_17' title="bbox 137 1673 790 1738; baseline 0.006 -16"><span class='ocrx_word' id='word_1_106' title='bbox 137 1673 257 1732; x_wconf 83' lang='lat' dir='ltr'>fervidus,</span> <span class='ocrx_word' id='word_1_107' title='bbox 273 1681 299 1721; x_wconf 89' lang='lat' dir='ltr'>et</span> <span class='ocrx_word' id='word_1_108' title='bbox 310 1681 428 1721; x_wconf 79' lang='lat' dir='ltr'>matrone</span> <span class='ocrx_word' id='word_1_109' title='bbox 440 1683 533 1735; x_wconf 88' lang='lat' dir='ltr'>potens</span> <span class='ocrx_word' id='word_1_110' title='bbox 547 1691 579 1724; x_wconf 85' lang='lat' dir='ltr'>uu</span> <span class='ocrx_word' id='word_1_111' title='bbox 593 1678 682 1725; x_wconf 80' lang='lat' dir='ltr'>sedule</span> <span class='ocrx_word' id='word_1_112' title='bbox 693 1678 790 1738; x_wconf 85' lang='lat' dir='ltr'>nutrix,</span> 
     </span>
     <span class='ocr_line' id='line_1_18' title="bbox 138 1763 736 1827; baseline 0.005 -16"><span class='ocrx_word' id='word_1_113' title='bbox 138 1769 297 1811; x_wconf 75' lang='lat' dir='ltr'>mercatorne</span> <span class='ocrx_word' id='word_1_114' title='bbox 309 1775 390 1824; x_wconf 77' lang='lat' dir='ltr'>vagus</span> <span class='ocrx_word' id='word_1_115' title='bbox 403 1763 520 1811; x_wconf 85' lang='lat' dir='ltr'>cultorne</span> <span class='ocrx_word' id='word_1_116' title='bbox 532 1765 636 1813; x_wconf 77' lang='lat' dir='ltr'>virentis</span> <span class='ocrx_word' id='word_1_117' title='bbox 649 1766 736 1827; x_wconf 76' lang='lat' dir='ltr'>agelli,</span> 
     </span>
     <span class='ocr_line' id='line_1_19' title="bbox 138 1851 821 1918; baseline 0.004 -18"><span class='ocrx_word' id='word_1_118' title='bbox 138 1851 250 1900; x_wconf 79' lang='lat' dir='ltr'>Colchus</span> <span class='ocrx_word' id='word_1_119' title='bbox 263 1865 296 1897; x_wconf 82' lang='lat' dir='ltr'>nn</span> <span class='ocrx_word' id='word_1_120' title='bbox 309 1851 439 1912; x_wconf 77' lang='lat' dir='ltr'>Assyrius,</span> <span class='ocrx_word' id='word_1_121' title='bbox 454 1851 550 1901; x_wconf 78' lang='lat' dir='ltr'>Thebis</span> <span class='ocrx_word' id='word_1_122' title='bbox 563 1854 671 1903; x_wconf 88' lang='lat' dir='ltr'>nutritus</span> <span class='ocrx_word' id='word_1_123' title='bbox 684 1871 718 1903; x_wconf 88' lang='lat' dir='ltr'>un</span> <span class='ocrx_word' id='word_1_124' title='bbox 731 1856 821 1918; x_wconf 75' lang='lat' dir='ltr'>Argis.</span> 
     </span>
     <span class='ocr_line' id='line_1_20' title="bbox 137 1939 807 2006; baseline 0.006 -20"><span class='ocrx_word' id='word_1_125' title='bbox 137 1948 181 1988; x_wconf 85' lang='lat' dir='ltr'>uut</span> <span class='ocrx_word' id='word_1_126' title='bbox 192 1939 288 1987; x_wconf 83' lang='lat' dir='ltr'>fumum</span> <span class='ocrx_word' id='word_1_127' title='bbox 301 1954 408 2002; x_wconf 88' lang='lat' dir='ltr'>sequere</span> <span class='ocrx_word' id='word_1_128' title='bbox 420 1950 464 1988; x_wconf 85' lang='lat' dir='ltr'>aut</span> <span class='ocrx_word' id='word_1_129' title='bbox 476 1941 525 1989; x_wconf 89' lang='lat' dir='ltr'>sihi</span> <span class='ocrx_word' id='word_1_130' title='bbox 537 1943 716 1992; x_wconf 84' lang='lat' dir='ltr'>convenientia</span> <span class='ocrx_word' id='word_1_131' title='bbox 728 1944 807 2006; x_wconf 79' lang='lat' dir='ltr'>linge.</span> 
     </span>
    </p>

    <p class='ocr_par' dir='ltr' id='par_1_6' title="bbox 75 2028 801 2446">
     <span class='ocr_line' id='line_1_21' title="bbox 75 2028 801 2093; baseline 0.004 -16"><span class='ocrx_word' id='word_1_132' title='bbox 75 2037 122 2077; x_wconf 77' lang='lat'>120</span> <span class='ocrx_word' id='word_1_133' title='bbox 137 2028 247 2091; x_wconf 88' lang='lat' dir='ltr'>scriptor</span> <span class='ocrx_word' id='word_1_134' title='bbox 259 2028 418 2077; x_wconf 88' lang='lat' dir='ltr'>Homereum</span> <span class='ocrx_word' id='word_1_135' title='bbox 430 2029 451 2076; x_wconf 91' lang='lat' dir='ltr'>si</span> <span class='ocrx_word' id='word_1_136' title='bbox 465 2030 533 2079; x_wconf 82' lang='lat' dir='ltr'>forte</span> <span class='ocrx_word' id='word_1_137' title='bbox 545 2033 650 2093; x_wconf 87' lang='lat' dir='ltr'>reponis</span> <span class='ocrx_word' id='word_1_138' title='bbox 661 2031 801 2092; x_wconf 86' lang='lat' dir='ltr'>Achillem,</span> 
     </span>
     <span class='ocr_line' id='line_1_22' title="bbox 136 2116 676 2179; baseline 0.007 -16"><span class='ocrx_word' id='word_1_139' title='bbox 136 2116 245 2179; x_wconf 83' lang='lat' dir='ltr'>inpiger,</span> <span class='ocrx_word' id='word_1_140' title='bbox 260 2116 408 2176; x_wconf 82' lang='lat' dir='ltr'>iracundus,</span> <span class='ocrx_word' id='word_1_141' title='bbox 422 2119 599 2178; x_wconf 76' lang='lat' dir='ltr'>inexorabilis,</span> <span class='ocrx_word' id='word_1_142' title='bbox 615 2133 676 2167; x_wconf 80' lang='lat' dir='ltr'>ecer</span> 
     </span>
     <span class='ocr_line' id='line_1_23' title="bbox 136 2205 788 2271; baseline 0.005 -19"><span class='ocrx_word' id='word_1_143' title='bbox 136 2205 191 2252; x_wconf 81' lang='lat' dir='ltr'>iura</span> <span class='ocrx_word' id='word_1_144' title='bbox 203 2213 281 2267; x_wconf 82' lang='lat' dir='ltr'>neget</span> <span class='ocrx_word' id='word_1_145' title='bbox 292 2205 341 2254; x_wconf 89' lang='lat' dir='ltr'>sibi</span> <span class='ocrx_word' id='word_1_146' title='bbox 353 2218 424 2264; x_wconf 83' lang='lat' dir='ltr'>natu,</span> <span class='ocrx_word' id='word_1_147' title='bbox 438 2207 501 2254; x_wconf 86' lang='lat' dir='ltr'>nihil</span> <span class='ocrx_word' id='word_1_148' title='bbox 515 2223 568 2255; x_wconf 90' lang='lat' dir='ltr'>non</span> <span class='ocrx_word' id='word_1_149' title='bbox 586 2217 690 2271; x_wconf 77' lang='lat' dir='ltr'>arroget</span> <span class='ocrx_word' id='word_1_150' title='bbox 702 2208 788 2257; x_wconf 82' lang='lat' dir='ltr'>ermis.</span> 
     </span>
     <span class='ocr_line' id='line_1_24' title="bbox 135 2293 704 2357; baseline 0.007 -17"><span class='ocrx_word' id='word_1_151' title='bbox 135 2293 167 2341; x_wconf 87' lang='lat' dir='ltr'>sit</span> <span class='ocrx_word' id='word_1_152' title='bbox 178 2293 273 2342; x_wconf 78' lang='lat' dir='ltr'>Medea</span> <span class='ocrx_word' id='word_1_153' title='bbox 285 2293 359 2342; x_wconf 87' lang='lat' dir='ltr'>ferox</span> <span class='ocrx_word' id='word_1_154' title='bbox 370 2295 524 2357; x_wconf 79' lang='lat' dir='ltr'>invictoque,</span> <span class='ocrx_word' id='word_1_155' title='bbox 540 2297 631 2344; x_wconf 88' lang='lat' dir='ltr'>flebilis</span> <span class='ocrx_word' id='word_1_156' title='bbox 646 2296 704 2355; x_wconf 85' lang='lat' dir='ltr'>Ino,</span> 
     </span>
     <span class='ocr_line' id='line_1_25' title="bbox 135 2380 700 2446; baseline 0.011 -19"><span class='ocrx_word' id='word_1_157' title='bbox 135 2380 246 2443; x_wconf 88' lang='lat' dir='ltr'>perfidus</span> <span class='ocrx_word' id='word_1_158' title='bbox 259 2382 343 2440; x_wconf 86' lang='lat' dir='ltr'>Ixion,</span> <span class='ocrx_word' id='word_1_159' title='bbox 359 2382 388 2429; x_wconf 92' lang='lat' dir='ltr'>Io</span> <span class='ocrx_word' id='word_1_160' title='bbox 403 2398 476 2446; x_wconf 81' lang='lat' dir='ltr'>vagu,</span> <span class='ocrx_word' id='word_1_161' title='bbox 492 2384 571 2432; x_wconf 88' lang='lat' dir='ltr'>tristis</span> <span class='ocrx_word' id='word_1_162' title='bbox 585 2384 700 2433; x_wconf 82' lang='lat' dir='ltr'>Orestes.</span> 
     </span>
    </p>

    <p class='ocr_par' dir='ltr' id='par_1_7' title="bbox 74 2466 790 2706">
     <span class='ocr_line' id='line_1_26' title="bbox 74 2466 790 2531; baseline 0.011 -19"><span class='ocrx_word' id='word_1_163' title='bbox 74 2473 120 2515; x_wconf 73' lang='lat'>125</span> <span class='ocrx_word' id='word_1_164' title='bbox 136 2466 218 2528; x_wconf 90' lang='lat' dir='ltr'>siquid</span> <span class='ocrx_word' id='word_1_165' title='bbox 231 2469 391 2531; x_wconf 89' lang='lat' dir='ltr'>inexpertum</span> <span class='ocrx_word' id='word_1_166' title='bbox 404 2485 513 2518; x_wconf 79' lang='lat' dir='ltr'>scaenae</span> <span class='ocrx_word' id='word_1_167' title='bbox 525 2473 659 2521; x_wconf 81' lang='lat' dir='ltr'>committis</span> <span class='ocrx_word' id='word_1_168' title='bbox 673 2481 699 2522; x_wconf 89' lang='lat' dir='ltr'>et</span> <span class='ocrx_word' id='word_1_169' title='bbox 710 2473 790 2521; x_wconf 81' lang='lat' dir='ltr'>audes</span> 
     </span>
     <span class='ocr_line' id='line_1_27' title="bbox 135 2557 779 2618; baseline 0.014 -19"><span class='ocrx_word' id='word_1_170' title='bbox 135 2567 273 2614; x_wconf 80' lang='lat' dir='ltr'>personam</span> <span class='ocrx_word' id='word_1_171' title='bbox 285 2557 396 2605; x_wconf 84' lang='lat' dir='ltr'>furmure</span> <span class='ocrx_word' id='word_1_172' title='bbox 408 2573 512 2618; x_wconf 80' lang='lat' dir='ltr'>novum,</span> <span class='ocrx_word' id='word_1_173' title='bbox 528 2569 643 2608; x_wconf 84' lang='lat' dir='ltr'>servetur</span> <span class='ocrx_word' id='word_1_174' title='bbox 655 2561 688 2608; x_wconf 81' lang='lat' dir='ltr'>ad</span> <span class='ocrx_word' id='word_1_175' title='bbox 700 2562 779 2608; x_wconf 91' lang='lat' dir='ltr'>imum</span> 
     </span>
     <span class='ocr_line' id='line_1_28' title="bbox 136 2640 772 2706; baseline 0.02 -22"><span class='ocrx_word' id='word_1_176' title='bbox 136 2640 218 2698; x_wconf 86' lang='lat' dir='ltr'>quulis</span> <span class='ocrx_word' id='word_1_177' title='bbox 231 2642 264 2689; x_wconf 82' lang='lat' dir='ltr'>uh</span> <span class='ocrx_word' id='word_1_178' title='bbox 277 2643 380 2706; x_wconf 89' lang='lat' dir='ltr'>incepto</span> <span class='ocrx_word' id='word_1_179' title='bbox 392 2647 556 2706; x_wconf 82' lang='lat' dir='ltr'>processerit,</span> <span class='ocrx_word' id='word_1_180' title='bbox 573 2656 599 2696; x_wconf 87' lang='lat' dir='ltr'>et</span> <span class='ocrx_word' id='word_1_181' title='bbox 610 2648 659 2696; x_wconf 89' lang='lat' dir='ltr'>sibi</span> <span class='ocrx_word' id='word_1_182' title='bbox 671 2657 772 2697; x_wconf 82' lang='lat' dir='ltr'>constet</span> 
     </span>
    </p>
   </div>
   <div class='ocr_carea' id='block_1_3' title="bbox 0 0 964 3117">
    <p class='ocr_par' dir='ltr' id='par_1_8' title="bbox 0 0 964 3117">
     <span class='ocr_line' id='line_1_29' title="bbox 0 0 964 3117; baseline 0 0"><span class='ocrx_word' id='word_1_183' title='bbox 0 0 964 3117; x_wconf 95' lang='lat' dir='ltr'> </span> 
     </span>
    </p>
   </div>
  </div>
 </body>
</html>
