<?xml version="1.0" encoding="UTF-8"?>
<!DOCTYPE html PUBLIC "-//W3C//DTD XHTML 1.0 Transitional//EN"
    "http://www.w3.org/TR/xhtml1/DTD/xhtml1-transitional.dtd">
<html xmlns="http://www.w3.org/1999/xhtml" xml:lang="en" lang="en">
 <head>
  <title>
</title>
<meta http-equiv="Content-Type" content="text/html;charset=utf-8" />
  <meta name='ocr-system' content='tesseract 3.04.00' />
  <meta name='ocr-capabilities' content='ocr_page ocr_carea ocr_par ocr_line ocrx_word'/>
</head>
<body>
  <div class='ocr_page' id='page_1' title='image "./opera00haupgoog_0345.png"; bbox 0 0 1917 3117; ppageno 0'>
   <div class='ocr_carea' id='block_1_1' title="bbox 390 184 819 233">
    <p class='ocr_par' dir='ltr' id='par_1_1' title="bbox 390 184 819 233">
     <span class='ocr_line' id='line_1_1' title="bbox 390 184 819 233; baseline 0.002 -10"><span class='ocrx_word' id='word_1_1' title='bbox 390 187 478 223; x_wconf 76' lang='lat' dir='ltr'>menn</span> <span class='ocrx_word' id='word_1_2' title='bbox 493 187 524 224; x_wconf 91' lang='lat'>11.</span> <span class='ocrx_word' id='word_1_3' title='bbox 768 184 819 233; x_wconf 77' lang='lat'>321</span> 
     </span>
    </p>
   </div>
   <div class='ocr_carea' id='block_1_2' title="bbox 26 341 820 1289">
    <p class='ocr_par' dir='ltr' id='par_1_2' title="bbox 26 341 820 757">
     <span class='ocr_line' id='line_1_2' title="bbox 26 341 725 405; baseline 0 -14"><span class='ocrx_word' id='word_1_4' title='bbox 26 351 79 393; x_wconf 77' lang='lat'>260</span> <span class='ocrx_word' id='word_1_5' title='bbox 95 341 218 389; x_wconf 76' lang='lat' dir='ltr'>sedulitas</span> <span class='ocrx_word' id='word_1_6' title='bbox 230 351 324 400; x_wconf 89' lang='lat' dir='ltr'>autem,</span> <span class='ocrx_word' id='word_1_7' title='bbox 339 342 416 390; x_wconf 87' lang='lat' dir='ltr'>stulte</span> <span class='ocrx_word' id='word_1_8' title='bbox 429 357 506 404; x_wconf 89' lang='lat' dir='ltr'>quem</span> <span class='ocrx_word' id='word_1_9' title='bbox 519 343 610 404; x_wconf 79' lang='lat' dir='ltr'>diligit,</span> <span class='ocrx_word' id='word_1_10' title='bbox 626 350 725 405; x_wconf 86' lang='lat' dir='ltr'>urguet,</span> 
     </span>
     <span class='ocr_line' id='line_1_3' title="bbox 94 430 764 494; baseline -0.001 -16"><span class='ocrx_word' id='word_1_11' title='bbox 94 430 233 494; x_wconf 79' lang='lat' dir='ltr'>praecipue</span> <span class='ocrx_word' id='word_1_12' title='bbox 246 447 303 479; x_wconf 90' lang='lat' dir='ltr'>eum</span> <span class='ocrx_word' id='word_1_13' title='bbox 317 446 345 478; x_wconf 90' lang='lat' dir='ltr'>se</span> <span class='ocrx_word' id='word_1_14' title='bbox 357 432 469 480; x_wconf 89' lang='lat' dir='ltr'>numeris</span> <span class='ocrx_word' id='word_1_15' title='bbox 484 432 646 478; x_wconf 77' lang='lat' dir='ltr'><strong>commendat</strong></span> <span class='ocrx_word' id='word_1_16' title='bbox 658 439 684 478; x_wconf 88' lang='lat' dir='ltr'>et</span> <span class='ocrx_word' id='word_1_17' title='bbox 695 439 764 479; x_wconf 85' lang='lat' dir='ltr'>erte:</span> 
     </span>
     <span class='ocr_line' id='line_1_4' title="bbox 88 519 726 581; baseline -0.003 -13"><span class='ocrx_word' id='word_1_18' title='bbox 88 521 169 573; x_wconf 78' lang='lat' dir='ltr'>,discit</span> <span class='ocrx_word' id='word_1_19' title='bbox 182 521 250 568; x_wconf 90' lang='lat' dir='ltr'>enim</span> <span class='ocrx_word' id='word_1_20' title='bbox 263 520 336 568; x_wconf 80' lang='lat' dir='ltr'>citius</span> <span class='ocrx_word' id='word_1_21' title='bbox 348 519 515 581; x_wconf 77' lang='lat' dir='ltr'>meminitque</span> <span class='ocrx_word' id='word_1_22' title='bbox 528 519 649 567; x_wconf 86' lang='lat' dir='ltr'>libentius</span> <span class='ocrx_word' id='word_1_23' title='bbox 662 520 726 567; x_wconf 89' lang='lat' dir='ltr'>illud</span> 
     </span>
     <span class='ocr_line' id='line_1_5' title="bbox 95 607 819 671; baseline 0 -15"><span class='ocrx_word' id='word_1_24' title='bbox 95 608 163 670; x_wconf 92' lang='lat' dir='ltr'>quod</span> <span class='ocrx_word' id='word_1_25' title='bbox 178 609 235 671; x_wconf 86' lang='lat' dir='ltr'>quie</span> <span class='ocrx_word' id='word_1_26' title='bbox 249 608 348 655; x_wconf 82' lang='lat' dir='ltr'>deridet</span> <span class='ocrx_word' id='word_1_27' title='bbox 360 622 438 669; x_wconf 81' lang='lat' dir='ltr'>quam</span> <span class='ocrx_word' id='word_1_28' title='bbox 452 607 521 669; x_wconf 91' lang='lat' dir='ltr'>quod</span> <span class='ocrx_word' id='word_1_29' title='bbox 534 608 626 670; x_wconf 89' lang='lat' dir='ltr'>probat</span> <span class='ocrx_word' id='word_1_30' title='bbox 639 614 664 655; x_wconf 86' lang='lat' dir='ltr'>et</span> <span class='ocrx_word' id='word_1_31' title='bbox 675 615 819 656; x_wconf 83' lang='lat' dir='ltr'>veneratur.</span> 
     </span>
     <span class='ocr_line' id='line_1_6' title="bbox 94 695 820 757; baseline -0.001 -13"><span class='ocrx_word' id='word_1_32' title='bbox 94 698 131 745; x_wconf 90' lang='lat' dir='ltr'>nil</span> <span class='ocrx_word' id='word_1_33' title='bbox 143 712 231 744; x_wconf 88' lang='lat' dir='ltr'>meror</span> <span class='ocrx_word' id='word_1_34' title='bbox 243 695 357 744; x_wconf 83' lang='lat' dir='ltr'>officium</span> <span class='ocrx_word' id='word_1_35' title='bbox 369 695 438 757; x_wconf 88' lang='lat' dir='ltr'>quod</span> <span class='ocrx_word' id='word_1_36' title='bbox 450 708 491 742; x_wconf 91' lang='lat' dir='ltr'>me</span> <span class='ocrx_word' id='word_1_37' title='bbox 503 703 606 757; x_wconf 62' lang='lat' dir='ltr'>gravam</span> <span class='ocrx_word' id='word_1_38' title='bbox 622 710 652 742; x_wconf 87' lang='lat' dir='ltr'>ae</span> <span class='ocrx_word' id='word_1_39' title='bbox 665 709 749 757; x_wconf 85' lang='lat' dir='ltr'>neque</span> <span class='ocrx_word' id='word_1_40' title='bbox 762 697 820 743; x_wconf 85' lang='lat' dir='ltr'>ficto</span> 
     </span>
    </p>

    <p class='ocr_par' dir='ltr' id='par_1_3' title="bbox 27 785 703 1186">
     <span class='ocr_line' id='line_1_7' title="bbox 27 785 650 848; baseline -0.008 -13"><span class='ocrx_word' id='word_1_41' title='bbox 27 795 79 835; x_wconf 82' lang='lat'>265</span> <span class='ocrx_word' id='word_1_42' title='bbox 94 787 121 833; x_wconf 93' lang='lat' dir='ltr'>in</span> <span class='ocrx_word' id='word_1_43' title='bbox 135 786 207 848; x_wconf 89' lang='lat' dir='ltr'>peius</span> <span class='ocrx_word' id='word_1_44' title='bbox 220 785 292 832; x_wconf 84' lang='lat' dir='ltr'>voltu</span> <span class='ocrx_word' id='word_1_45' title='bbox 305 785 416 846; x_wconf 87' lang='lat' dir='ltr'>proponi</span> <span class='ocrx_word' id='word_1_46' title='bbox 430 798 519 832; x_wconf 88' lang='lat' dir='ltr'>cereus</span> <span class='ocrx_word' id='word_1_47' title='bbox 533 798 650 845; x_wconf 84' lang='lat' dir='ltr'>usquam,</span> 
     </span>
     <span class='ocr_line' id='line_1_8' title="bbox 94 872 662 935; baseline -0.002 -14"><span class='ocrx_word' id='word_1_48' title='bbox 94 888 143 922; x_wconf 87' lang='lat' dir='ltr'>nec</span> <span class='ocrx_word' id='word_1_49' title='bbox 155 888 233 935; x_wconf 87' lang='lat' dir='ltr'>prave</span> <span class='ocrx_word' id='word_1_50' title='bbox 246 873 319 921; x_wconf 80' lang='lat' dir='ltr'>factis</span> <span class='ocrx_word' id='word_1_51' title='bbox 334 872 449 920; x_wconf 82' lang='lat' dir='ltr'>decorari</span> <span class='ocrx_word' id='word_1_52' title='bbox 461 873 576 920; x_wconf 84' lang='lat' dir='ltr'>versibus</span> <span class='ocrx_word' id='word_1_53' title='bbox 591 881 662 934; x_wconf 88' lang='lat' dir='ltr'>opto,</span> 
     </span>
     <span class='ocr_line' id='line_1_9' title="bbox 95 959 693 1022; baseline 0 -14"><span class='ocrx_word' id='word_1_54' title='bbox 95 976 128 1010; x_wconf 89' lang='lat' dir='ltr'>nc</span> <span class='ocrx_word' id='word_1_55' title='bbox 140 962 246 1010; x_wconf 79' lang='lat' dir='ltr'>rubeam</span> <span class='ocrx_word' id='word_1_56' title='bbox 258 960 349 1022; x_wconf 86' lang='lat' dir='ltr'>pingui</span> <span class='ocrx_word' id='word_1_57' title='bbox 362 959 471 1008; x_wconf 82' lang='lat' dir='ltr'>donatus</span> <span class='ocrx_word' id='word_1_58' title='bbox 485 975 591 1008; x_wconf 89' lang='lat' dir='ltr'>munere</span> <span class='ocrx_word' id='word_1_59' title='bbox 603 968 629 1009; x_wconf 84' lang='lat' dir='ltr'>et</span> <span class='ocrx_word' id='word_1_60' title='bbox 641 975 693 1008; x_wconf 92' lang='lat' dir='ltr'>una</span> 
     </span>
     <span class='ocr_line' id='line_1_10' title="bbox 94 1048 703 1112; baseline 0.003 -16"><span class='ocrx_word' id='word_1_61' title='bbox 94 1063 153 1096; x_wconf 87' lang='lat' dir='ltr'>curn</span> <span class='ocrx_word' id='word_1_62' title='bbox 165 1048 290 1110; x_wconf 89' lang='lat' dir='ltr'>scriptore</span> <span class='ocrx_word' id='word_1_63' title='bbox 302 1063 360 1097; x_wconf 88' lang='lat' dir='ltr'>mec</span> <span class='ocrx_word' id='word_1_64' title='bbox 375 1063 453 1112; x_wconf 84' lang='lat' dir='ltr'>capsa</span> <span class='ocrx_word' id='word_1_65' title='bbox 466 1058 600 1112; x_wconf 85' lang='lat' dir='ltr'>porrectus</span> <span class='ocrx_word' id='word_1_66' title='bbox 608 1057 703 1112; x_wconf 22' lang='lat' dir='ltr'>,operta</span> 
     </span>
     <span class='ocr_line' id='line_1_11' title="bbox 95 1136 691 1186; baseline 0.003 -3"><span class='ocrx_word' id='word_1_67' title='bbox 95 1136 196 1185; x_wconf 86' lang='lat' dir='ltr'>deferar</span> <span class='ocrx_word' id='word_1_68' title='bbox 206 1137 234 1185; x_wconf 91' lang='lat' dir='ltr'>in</span> <span class='ocrx_word' id='word_1_69' title='bbox 247 1138 330 1185; x_wconf 89' lang='lat' dir='ltr'>vicum</span> <span class='ocrx_word' id='word_1_70' title='bbox 342 1138 495 1186; x_wconf 85' lang='lat' dir='ltr'>vendentem</span> <span class='ocrx_word' id='word_1_71' title='bbox 508 1146 548 1186; x_wconf 83' lang='lat' dir='ltr'>tue</span> <span class='ocrx_word' id='word_1_72' title='bbox 561 1146 586 1186; x_wconf 89' lang='lat' dir='ltr'>et</span> <span class='ocrx_word' id='word_1_73' title='bbox 598 1139 691 1186; x_wconf 86' lang='lat' dir='ltr'>odores</span> 
     </span>
    </p>

    <p class='ocr_par' dir='ltr' id='par_1_4' title="bbox 27 1225 731 1289">
     <span class='ocr_line' id='line_1_12' title="bbox 27 1225 731 1289; baseline -0.001 -15"><span class='ocrx_word' id='word_1_74' title='bbox 27 1234 79 1275; x_wconf 78' lang='lat'>270</span> <span class='ocrx_word' id='word_1_75' title='bbox 95 1234 120 1274; x_wconf 88' lang='lat' dir='ltr'>et</span> <span class='ocrx_word' id='word_1_76' title='bbox 132 1226 206 1288; x_wconf 86' lang='lat' dir='ltr'>piper</span> <span class='ocrx_word' id='word_1_77' title='bbox 219 1235 244 1275; x_wconf 87' lang='lat' dir='ltr'>et</span> <span class='ocrx_word' id='word_1_78' title='bbox 257 1226 379 1289; x_wconf 89' lang='lat' dir='ltr'>quidquid</span> <span class='ocrx_word' id='word_1_79' title='bbox 394 1227 488 1274; x_wconf 86' lang='lat' dir='ltr'>chartis</span> <span class='ocrx_word' id='word_1_80' title='bbox 501 1226 618 1275; x_wconf 83' lang='lat' dir='ltr'>amicitur</span> <span class='ocrx_word' id='word_1_81' title='bbox 629 1225 731 1289; x_wconf 85' lang='lat' dir='ltr'>ineptis.</span> 
     </span>
    </p>
   </div>
   <div class='ocr_carea' id='block_1_3' title="bbox 438 1599 473 1647">
    <p class='ocr_par' dir='ltr' id='par_1_5' title="bbox 438 1599 473 1647">
     <span class='ocr_line' id='line_1_13' title="bbox 438 1599 473 1647; baseline -0.057 0"><span class='ocrx_word' id='word_1_82' title='bbox 438 1599 473 1647; x_wconf 90' lang='lat'>11.</span> 
     </span>
    </p>
   </div>
   <div class='ocr_carea' id='block_1_4' title="bbox 47 1756 778 2798">
    <p class='ocr_par' dir='ltr' id='par_1_6' title="bbox 93 1756 711 1818">
     <span class='ocr_line' id='line_1_14' title="bbox 93 1756 711 1818; baseline -0.002 -13"><span class='ocrx_word' id='word_1_83' title='bbox 93 1757 179 1815; x_wconf 82' lang='lat' dir='ltr'>Flore,</span> <span class='ocrx_word' id='word_1_84' title='bbox 194 1757 264 1803; x_wconf 89' lang='lat' dir='ltr'>bono</span> <span class='ocrx_word' id='word_1_85' title='bbox 279 1757 402 1818; x_wconf 83' lang='lat' dir='ltr'>cleroque</span> <span class='ocrx_word' id='word_1_86' title='bbox 415 1758 497 1805; x_wconf 81' lang='lat' dir='ltr'>fidelis</span> <span class='ocrx_word' id='word_1_87' title='bbox 511 1758 592 1805; x_wconf 84' lang='lat' dir='ltr'>amice</span> <span class='ocrx_word' id='word_1_88' title='bbox 605 1756 711 1815; x_wconf 84' lang='lat' dir='ltr'>Neroni,</span> 
     </span>
    </p>

    <p class='ocr_par' dir='ltr' id='par_1_7' title="bbox 93 1844 727 1908">
     <span class='ocr_line' id='line_1_15' title="bbox 93 1844 727 1908; baseline -0.002 -15"><span class='ocrx_word' id='word_1_89' title='bbox 93 1846 173 1908; x_wconf 84' lang='lat' dir='ltr'>siquis</span> <span class='ocrx_word' id='word_1_90' title='bbox 186 1844 251 1895; x_wconf 87' lang='lat' dir='ltr'>forte</span> <span class='ocrx_word' id='word_1_91' title='bbox 264 1846 325 1893; x_wconf 89' lang='lat' dir='ltr'>velit</span> <span class='ocrx_word' id='word_1_92' title='bbox 337 1861 444 1907; x_wconf 88' lang='lat' dir='ltr'>puerum</span> <span class='ocrx_word' id='word_1_93' title='bbox 457 1846 503 1893; x_wconf 90' lang='lat' dir='ltr'>tibi</span> <span class='ocrx_word' id='word_1_94' title='bbox 515 1846 625 1893; x_wconf 88' lang='lat' dir='ltr'>vendere</span> <span class='ocrx_word' id='word_1_95' title='bbox 637 1854 727 1893; x_wconf 88' lang='lat' dir='ltr'>natum</span> 
     </span>
    </p>

    <p class='ocr_par' dir='ltr' id='par_1_8' title="bbox 92 1933 713 1995">
     <span class='ocr_line' id='line_1_16' title="bbox 92 1933 713 1995; baseline -0.002 -13"><span class='ocrx_word' id='word_1_96' title='bbox 92 1934 188 1982; x_wconf 87' lang='lat' dir='ltr'>Tibure</span> <span class='ocrx_word' id='word_1_97' title='bbox 201 1934 240 1981; x_wconf 85' lang='lat' dir='ltr'>vel</span> <span class='ocrx_word' id='word_1_98' title='bbox 255 1933 344 1982; x_wconf 84' lang='lat' dir='ltr'>Gabiis</span> <span class='ocrx_word' id='word_1_99' title='bbox 358 1942 383 1982; x_wconf 89' lang='lat' dir='ltr'>et</span> <span class='ocrx_word' id='word_1_100' title='bbox 395 1942 479 1981; x_wconf 85' lang='lat' dir='ltr'>tecum</span> <span class='ocrx_word' id='word_1_101' title='bbox 492 1933 528 1980; x_wconf 84' lang='lat' dir='ltr'>sie</span> <span class='ocrx_word' id='word_1_102' title='bbox 541 1942 609 1995; x_wconf 83' lang='lat' dir='ltr'>egat,</span> <span class='ocrx_word' id='word_1_103' title='bbox 624 1933 675 1980; x_wconf 86' lang='lat' dir='ltr'>‘hic</span> <span class='ocrx_word' id='word_1_104' title='bbox 688 1941 713 1981; x_wconf 90' lang='lat' dir='ltr'>et</span> 
     </span>
    </p>

    <p class='ocr_par' dir='ltr' id='par_1_9' title="bbox 94 2021 714 2084">
     <span class='ocr_line' id='line_1_17' title="bbox 94 2021 714 2084; baseline -0.002 -15"><span class='ocrx_word' id='word_1_105' title='bbox 94 2021 220 2070; x_wconf 77' lang='lat' dir='ltr'>candidus</span> <span class='ocrx_word' id='word_1_106' title='bbox 233 2030 258 2070; x_wconf 90' lang='lat' dir='ltr'>et</span> <span class='ocrx_word' id='word_1_107' title='bbox 270 2022 336 2070; x_wconf 83' lang='lat' dir='ltr'>telos</span> <span class='ocrx_word' id='word_1_108' title='bbox 351 2037 367 2069; x_wconf 92' lang='lat' dir='ltr'>a</span> <span class='ocrx_word' id='word_1_109' title='bbox 378 2021 471 2070; x_wconf 84' lang='lat' dir='ltr'>vertice</span> <span class='ocrx_word' id='word_1_110' title='bbox 484 2021 591 2084; x_wconf 86' lang='lat' dir='ltr'>pulcher</span> <span class='ocrx_word' id='word_1_111' title='bbox 603 2021 635 2068; x_wconf 88' lang='lat' dir='ltr'>ad</span> <span class='ocrx_word' id='word_1_112' title='bbox 648 2021 714 2068; x_wconf 88' lang='lat' dir='ltr'>imos</span> 
     </span>
    </p>

    <p class='ocr_par' dir='ltr' id='par_1_10' title="bbox 64 2109 688 2172">
     <span class='ocr_line' id='line_1_18' title="bbox 64 2109 688 2172; baseline -0.005 -13"><span class='ocrx_word' id='word_1_113' title='bbox 64 2120 77 2159; x_wconf 79' lang='lat' dir='ltr'>t</span> <span class='ocrx_word' id='word_1_114' title='bbox 93 2111 137 2159; x_wconf 86' lang='lat' dir='ltr'>fiet</span> <span class='ocrx_word' id='word_1_115' title='bbox 149 2110 247 2172; x_wconf 86' lang='lat' dir='ltr'>eritque</span> <span class='ocrx_word' id='word_1_116' title='bbox 259 2118 317 2158; x_wconf 84' lang='lat' dir='ltr'>tune</span> <span class='ocrx_word' id='word_1_117' title='bbox 330 2124 492 2158; x_wconf 86' lang='lat' dir='ltr'>nummorum</span> <span class='ocrx_word' id='word_1_118' title='bbox 504 2109 607 2157; x_wconf 87' lang='lat' dir='ltr'>milibus</span> <span class='ocrx_word' id='word_1_119' title='bbox 619 2116 688 2168; x_wconf 86' lang='lat' dir='ltr'>octo,</span> 
     </span>
    </p>

    <p class='ocr_par' dir='ltr' id='par_1_11' title="bbox 93 2197 649 2261">
     <span class='ocr_line' id='line_1_19' title="bbox 93 2197 649 2261; baseline -0.005 -13"><span class='ocrx_word' id='word_1_120' title='bbox 93 2213 173 2248; x_wconf 88' lang='lat' dir='ltr'>verna</span> <span class='ocrx_word' id='word_1_121' title='bbox 184 2199 331 2248; x_wconf 81' lang='lat' dir='ltr'>ministeriis</span> <span class='ocrx_word' id='word_1_122' title='bbox 346 2200 378 2246; x_wconf 86' lang='lat' dir='ltr'>ed</span> <span class='ocrx_word' id='word_1_123' title='bbox 393 2206 469 2246; x_wconf 86' lang='lat' dir='ltr'>nutus</span> <span class='ocrx_word' id='word_1_124' title='bbox 483 2205 556 2261; x_wconf 76' lang='lat' dir='ltr'>aptus</span> <span class='ocrx_word' id='word_1_125' title='bbox 570 2197 649 2256; x_wconf 86' lang='lat' dir='ltr'>erilis,</span> 
     </span>
    </p>

    <p class='ocr_par' dir='ltr' id='par_1_12' title="bbox 94 2287 652 2346">
     <span class='ocr_line' id='line_1_20' title="bbox 94 2287 652 2346; baseline -0.002 -10"><span class='ocrx_word' id='word_1_126' title='bbox 94 2289 214 2338; x_wconf 87' lang='lat' dir='ltr'>litterulis</span> <span class='ocrx_word' id='word_1_127' title='bbox 228 2288 333 2337; x_wconf 82' lang='lat' dir='ltr'>Graecis</span> <span class='ocrx_word' id='word_1_128' title='bbox 344 2288 465 2346; x_wconf 83' lang='lat' dir='ltr'>imbutus,</span> <span class='ocrx_word' id='word_1_129' title='bbox 481 2287 591 2336; x_wconf 85' lang='lat' dir='ltr'>idoneus</span> <span class='ocrx_word' id='word_1_130' title='bbox 604 2288 652 2335; x_wconf 87' lang='lat' dir='ltr'>arti</span> 
     </span>
    </p>

    <p class='ocr_par' dir='ltr' id='par_1_13' title="bbox 94 2377 662 2440">
     <span class='ocr_line' id='line_1_21' title="bbox 94 2377 662 2440; baseline -0.004 -15"><span class='ocrx_word' id='word_1_131' title='bbox 94 2377 207 2436; x_wconf 83' lang='lat' dir='ltr'>cuilibet,</span> <span class='ocrx_word' id='word_1_132' title='bbox 224 2378 317 2440; x_wconf 80' lang='lat' dir='ltr'>argilla</span> <span class='ocrx_word' id='word_1_133' title='bbox 330 2378 429 2439; x_wconf 85' lang='lat' dir='ltr'>quidvis</span> <span class='ocrx_word' id='word_1_134' title='bbox 441 2377 582 2426; x_wconf 87' lang='lat' dir='ltr'>imitaberis</span> <span class='ocrx_word' id='word_1_135' title='bbox 595 2377 662 2436; x_wconf 80' lang='lat' dir='ltr'>ude3</span> 
     </span>
    </p>

    <p class='ocr_par' dir='ltr' id='par_1_14' title="bbox 94 2464 755 2528">
     <span class='ocr_line' id='line_1_22' title="bbox 94 2464 755 2528; baseline -0.006 -14"><span class='ocrx_word' id='word_1_136' title='bbox 94 2466 157 2528; x_wconf 89' lang='lat' dir='ltr'>quin</span> <span class='ocrx_word' id='word_1_137' title='bbox 171 2466 247 2514; x_wconf 84' lang='lat' dir='ltr'>etiam</span> <span class='ocrx_word' id='word_1_138' title='bbox 259 2473 333 2515; x_wconf 87' lang='lat' dir='ltr'>canet</span> <span class='ocrx_word' id='word_1_139' title='bbox 344 2466 485 2524; x_wconf 84' lang='lat' dir='ltr'>indoctum,</span> <span class='ocrx_word' id='word_1_140' title='bbox 502 2466 545 2513; x_wconf 88' lang='lat' dir='ltr'>sed</span> <span class='ocrx_word' id='word_1_141' title='bbox 560 2465 637 2513; x_wconf 86' lang='lat' dir='ltr'>dulce</span> <span class='ocrx_word' id='word_1_142' title='bbox 649 2464 755 2513; x_wconf 84' lang='lat' dir='ltr'>bibenti.</span> 
     </span>
    </p>

    <p class='ocr_par' dir='ltr' id='par_1_15' title="bbox 47 2554 778 2617">
     <span class='ocr_line' id='line_1_23' title="bbox 47 2554 778 2617; baseline -0.005 -14"><span class='ocrx_word' id='word_1_143' title='bbox 47 2563 77 2603; x_wconf 81' lang='grc' dir='ltr'>ιο</span> <span class='ocrx_word' id='word_1_144' title='bbox 92 2555 174 2603; x_wconf 84' lang='lat' dir='ltr'>multa</span> <span class='ocrx_word' id='word_1_145' title='bbox 187 2555 262 2602; x_wconf 88' lang='lat' dir='ltr'>fidem</span> <span class='ocrx_word' id='word_1_146' title='bbox 276 2554 403 2617; x_wconf 83' lang='lat' dir='ltr'>promissa</span> <span class='ocrx_word' id='word_1_147' title='bbox 415 2555 509 2613; x_wconf 82' lang='lat' dir='ltr'>levant,</span> <span class='ocrx_word' id='word_1_148' title='bbox 524 2555 567 2602; x_wconf 89' lang='lat' dir='ltr'>ubi</span> <span class='ocrx_word' id='word_1_149' title='bbox 580 2554 681 2617; x_wconf 78' lang='lat' dir='ltr'>plenius</span> <span class='ocrx_word' id='word_1_150' title='bbox 694 2566 778 2615; x_wconf 87' lang='lat' dir='ltr'>aequo</span> 
     </span>
    </p>

    <p class='ocr_par' dir='ltr' id='par_1_16' title="bbox 92 2642 672 2706">
     <span class='ocr_line' id='line_1_24' title="bbox 92 2642 672 2706; baseline -0.003 -15"><span class='ocrx_word' id='word_1_151' title='bbox 92 2643 181 2691; x_wconf 88' lang='lat' dir='ltr'>laudat</span> <span class='ocrx_word' id='word_1_152' title='bbox 192 2643 289 2691; x_wconf 85' lang='lat' dir='ltr'>venalis</span> <span class='ocrx_word' id='word_1_153' title='bbox 303 2643 346 2706; x_wconf 91' lang='lat' dir='ltr'>qui</span> <span class='ocrx_word' id='word_1_154' title='bbox 359 2643 412 2692; x_wconf 84' lang='lat' dir='ltr'>volt</span> <span class='ocrx_word' id='word_1_155' title='bbox 425 2643 559 2692; x_wconf 87' lang='lat' dir='ltr'>extrudere</span> <span class='ocrx_word' id='word_1_156' title='bbox 570 2642 672 2691; x_wconf 74' lang='lat' dir='ltr'>mercis.</span> 
     </span>
    </p>

    <p class='ocr_par' dir='ltr' id='par_1_17' title="bbox 135 2744 669 2798">
     <span class='ocr_line' id='line_1_25' title="bbox 135 2744 669 2798; baseline 0.013 -19"><span class='ocrx_word' id='word_1_157' title='bbox 135 2744 231 2780; x_wconf 77' lang='lat' dir='ltr'>Horatius.</span> <span class='ocrx_word' id='word_1_158' title='bbox 249 2745 279 2781; x_wconf 83' lang='lat' dir='ltr'>ed.</span> <span class='ocrx_word' id='word_1_159' title='bbox 289 2746 311 2781; x_wconf 88' lang='lat' dir='ltr'>ll.</span> <span class='ocrx_word' id='word_1_160' title='bbox 639 2757 669 2798; x_wconf 75' lang='lat'>21</span> 
     </span>
    </p>
   </div>
   <div class='ocr_carea' id='block_1_5' title="bbox 0 0 974 3117">
    <p class='ocr_par' dir='ltr' id='par_1_18' title="bbox 0 0 974 3117">
     <span class='ocr_line' id='line_1_26' title="bbox 0 0 974 3117; baseline 0 0"><span class='ocrx_word' id='word_1_161' title='bbox 0 0 974 3117; x_wconf 95' lang='lat' dir='ltr'> </span> 
     </span>
    </p>
   </div>
  </div>
 </body>
</html>
