1917 3117
131 208 182 258 132
422 212 586 251 chamutum

76 379 107 419 lt
129 378 188 433 post
201 370 249 418 hoc
263 371 380 419 secundis
393 385 474 434 usque
487 370 616 419 laboribus

128 458 246 507 Romana
258 460 339 522 pubes
352 461 438 518 crevit,
454 471 479 508 et
490 460 562 522 inpio

102 528 105 534 ⁴
128 555 226 596 vastata
237 548 383 596 Poenorum
395 550 504 596 tumultu

128 637 189 685 fana
202 638 264 686 deos
277 638 389 685 habuere
402 645 495 694 rectos,

129 779 243 842 dixitque
256 779 360 828 tandem
372 779 484 843 perfidus
497 779 626 828 Hannibal

77 877 107 918 50
127 868 211 928 ‘cervi
227 870 346 933 luporum
359 869 455 932 praede
467 869 606 931 rapacium,

127 966 254 1007 sectamur
267 958 344 1017 ultro,
361 972 426 1019 quos
440 958 539 1020 opimus

127 1048 217 1097 fallere
230 1054 256 1096 et
267 1046 378 1108 effugere
391 1055 429 1093 est
441 1046 593 1109 triumphus.

127 1205 199 1253 gens,
216 1204 282 1252 quae
295 1198 407 1237 cremata
419 1189 492 1237 fortis
506 1189 538 1236 sb
550 1189 598 1237 llio

126 1280 220 1327 iactata
231 1279 320 1326 Tuscis
333 1278 488 1341 aequoribus
501 1294 575 1327 secra

74 1376 105 1418 55
126 1375 252 1430 natosque
263 1375 426 1431 maturosque
439 1377 524 1431 patres

126 1457 230 1520 pertulit
243 1457 373 1505 Ausonias
387 1457 418 1504 ad
431 1457 511 1512 urbis,

126 1598 195 1648 duris
207 1607 235 1647 ut
246 1599 298 1647 ilex
311 1609 388 1648 tonsa
400 1600 553 1662 bipennibus

125 1689 215 1751 nigrae
227 1688 305 1737 feraci
318 1688 415 1737 frondis
427 1689 454 1737 in
467 1688 573 1751 Algido,

125 1792 170 1840 per
184 1778 285 1837 damna,
301 1779 453 1841 paroemiis,
468 1778 571 1841 abipso

74 1874 105 1914 be
127 1865 196 1914 ducit
208 1880 270 1930 opes
284 1866 447 1928 animumque
459 1866 539 1915 ferro.

125 2022 178 2056 non
191 2009 272 2070 hydra
284 2017 353 2057 secto
367 2022 475 2070 corpore
489 2010 584 2057 firmior

124 2098 190 2145 vinci
204 2097 333 2146 dolentem
345 2098 423 2145 crevit
434 2098 459 2144 in
473 2098 619 2156 Herculem,

124 2196 298 2235 monstmmve
310 2185 449 2233 submisere
462 2185 553 2234 Colchi

123 2276 205 2323 maius
216 2275 386 2323 Echioniaeve
398 2273 513 2323 Thebae.

72 2425 103 2465 65
123 2431 218 2465 merses
231 2416 369 2479 profundo,
385 2416 515 2479 pulchrior
526 2419 624 2476 evenit·,

124 2506 227 2564 luctare,
243 2505 323 2553 multa
335 2506 433 2567 proruit
445 2506 573 2568 integrum

123 2608 181 2641 cnm
194 2593 269 2642 laude
284 2593 412 2653 victorem,
428 2604 550 2657 geretque
584 2645 587 2652 ,

123 2682 222 2744 proelia
231 2682 382 2746 coniugibus
395 2684 534 2745 loquenda.
