1917 3117
400 186 538 226 cosmos.
780 183 834 234 343

9 270 11 333 Ι

110 345 232 392 lectorem
245 343 397 392 delectando
410 343 556 406 pariterque
569 343 710 391 monendo.

48 442 96 483 345
111 433 152 481 hic
164 440 245 481 meret
257 446 318 481 aera
330 432 395 481 liber
408 430 499 491 Sosiis,
514 431 555 479 hic
568 439 594 480 et
604 446 675 480 mare
687 432 778 480 transit

112 530 136 571 et
149 524 256 584 longum
267 529 331 570 noto
344 520 463 583 scriptori
475 527 600 583 prorogat
610 534 709 568 aevum.

111 618 170 660 sunt
183 611 277 659 delicta
288 617 375 657 temen
387 610 479 670 quibus
492 608 623 671 ignovisse
634 608 756 656 velimus:

18 760 22 764 J
110 714 172 748 nem
183 713 268 761 neque
282 698 378 745 chordo
390 711 483 744 sonum
495 696 579 744 reddit
591 710 667 758 quem
680 697 733 745 volt
744 710 837 745 manue

472 791 498 843 et
509 798 592 843 mens,

111 875 280 939 poscentique
292 887 394 936 gravem
406 887 530 936 persaepe
547 872 652 922 remittit
663 879 775 930 scutum,

48 973 97 1014 ³50
113 977 162 1011 nec
175 976 276 1024 semper
288 962 362 1010 feriet
374 962 555 1024 quodcumque
566 961 704 1009 minabitur
715 974 799 1009 arcus.

112 1066 198 1100 verum
211 1051 255 1099 ubl
268 1050 343 1113 plura
354 1049 436 1099 nitent
447 1050 474 1098 in
487 1048 608 1108 carmine,
618 1063 672 1097 non
686 1063 735 1112 ego
748 1049 838 1112 paucis

111 1138 227 1188 offendar
238 1139 354 1198 maculis,
369 1151 434 1200 quas
446 1145 492 1186 ant
502 1137 600 1186 incuria
613 1138 687 1197 fudit,

111 1237 155 1278 ant
165 1229 279 1276 humana
290 1242 381 1290 parum
393 1227 459 1275 cevit
470 1234 572 1274 natura.
600 1227 661 1288 qnid
674 1225 780 1288 ergosti

111 1326 139 1366 ut
151 1318 261 1380 scriptor
273 1315 295 1364 si
306 1322 397 1379 peccat
408 1316 477 1365 idem
490 1315 606 1364 librarius
619 1329 711 1378 usque,

9 1426 15 1461 t
48 1414 96 1456 355
113 1405 226 1470 quamvis
239 1414 278 1454 est
289 1405 411 1464 monitus,
425 1405 500 1453 venia
513 1414 590 1464 caret,
605 1413 634 1454 ut
646 1404 809 1453 citharoedus

110 1495 215 1554 ridetur,
231 1495 328 1543 chorda
340 1494 383 1557 qui
396 1508 496 1556 semper
507 1494 610 1544 oberret
623 1495 723 1553 eadem,

111 1584 148 1632 sic
160 1583 231 1643 mihi,
247 1583 291 1645 qui
303 1584 412 1630 multum
424 1590 516 1642 cessat,
531 1584 560 1632 fit
572 1582 708 1631 Choerilus
720 1582 774 1639 ille,
851 1644 852 1647 Ἴ

112 1686 189 1734 quem
200 1671 239 1719 bis
251 1678 320 1719 terve
333 1670 428 1718 bonum
441 1685 499 1718 cum
511 1671 564 1718 risu
576 1671 669 1731 miror;
690 1679 716 1719 et
728 1671 796 1720 idem

111 1758 233 1821 indignor
246 1758 401 1821 quandoque
414 1759 497 1806 bonus
512 1760 632 1807 dormitat
644 1759 781 1807 Homerus.

9 1844 11 1899 l
48 1856 97 1897 360
112 1861 199 1896 verum
211 1846 282 1908 operi
296 1846 375 1907 longo
389 1844 429 1893 fes
443 1852 482 1894 est
494 1848 619 1910 obrepere
630 1861 757 1894 somnum.

111 1942 140 1983 ut
152 1934 249 1998 piottua
261 1934 361 1996 poesis:
377 1933 424 1981 erit
437 1948 512 1996 quae,
528 1934 550 1982 si
562 1934 667 1996 propius
680 1940 741 1991 stes,

111 2032 137 2072 te
149 2023 234 2086 capiet
245 2021 337 2085 magis,
354 2029 379 2070 et
392 2022 528 2084 quaedem,
544 2022 564 2070 si
577 2023 681 2084 longius
693 2023 794 2083 abstes;

111 2113 177 2161 heco
190 2118 258 2160 amet
270 2113 415 2171 obscurum,
430 2113 500 2160 volet
511 2111 575 2158 baec
588 2112 635 2158 sub
648 2111 704 2158 luce
717 2111 806 2171 videri,

110 2200 201 2250 indicis
214 2208 333 2263 argutum
345 2215 411 2263 quae
423 2215 477 2249 non
490 2198 611 2247 formidat
623 2213 746 2260 acumen;

47 2297 96 2339 365
111 2291 175 2338 haec
187 2290 283 2353 placuit
294 2290 382 2349 semel,
397 2290 463 2338 haec
479 2288 580 2338 deciens
594 2287 702 2350 repetite
714 2288 836 2351 placebit.

9 2404 13 2452 ν,
112 2393 128 2426 o
140 2378 223 2427 maior
233 2378 362 2438 iuvenum,
378 2378 492 2441 quemvis
505 2385 531 2427 et
543 2391 605 2426 voce
620 2385 728 2440 paterna

111 2466 215 2528 fingeris
229 2466 260 2514 ad
274 2474 371 2515 rectum
383 2473 410 2515 et
422 2480 467 2530 per
479 2474 505 2516 te
517 2467 595 2530 sepis,
610 2466 660 2514 hoc
673 2465 718 2514 tibi
731 2465 826 2515 dictum

111 2555 175 2603 tolle
187 2569 293 2614 memor,
309 2556 383 2605 certis
397 2555 509 2604 medium
522 2562 547 2603 et
562 2554 696 2605 tolerabile
708 2556 784 2604 rebus

111 2649 180 2691 recte
193 2644 316 2693 concedi:
338 2644 469 2694 consultus
482 2644 544 2692 iuris
558 2652 582 2693 et
594 2651 667 2693 actor
