1917 3117
118 191 170 240 183
395 195 568 234 surrusnum

119 368 172 400 non
185 359 243 400 tuus
254 353 305 401 hoe
317 351 402 414 capiet
413 359 502 402 venter
513 353 571 416 plus
585 367 615 401 oo
627 367 715 402 meus:
735 361 764 401 ut
775 354 796 401 si

118 442 253 490 reticulum
265 442 338 505 panis
351 441 449 490 venalis
462 441 530 489 inter
542 450 636 489 onusto

118 531 185 578 forte
197 530 274 579 vehes
287 544 384 588 umero,
399 530 480 577 nihilo
494 530 553 592 plus
565 530 676 594 accipies
690 545 767 593 quam

120 619 163 682 qui
175 619 212 666 nil
226 619 341 682 porterit.
369 619 409 667 vel
423 618 464 666 die
477 619 539 681 quid
552 620 647 668 roserat
658 620 726 668 intra

72 717 104 757 50
118 718 225 757 naturae
237 708 295 755 finis
307 708 408 768 viventi,
423 708 514 770 iugera
525 715 628 756 eentum
642 723 676 755 an

118 798 189 845 mille
201 796 272 845 eret?
284 797 319 845 ‘et
331 811 409 845 suave
422 805 461 845 est
474 810 508 845 ex
519 798 719 860 megnotollere
731 798 844 846 acervo?

119 886 179 934 dum
192 901 225 935 ex
238 900 316 949 parvo
329 886 405 934 nobis
421 887 574 935 tantundem
585 886 686 935 haurire
698 886 841 950 relinquas,

118 990 163 1023 our
174 984 218 1024 tue
231 976 288 1038 plue
300 974 389 1023 leudes
402 976 510 1023 cumeris
523 977 643 1038 granerio
655 976 767 1025 nostris?

119 1073 146 1113 ut
158 1064 203 1113 tibi
216 1065 237 1113 si
250 1064 283 1112 sit
296 1078 361 1127 opus
373 1063 464 1127 liquidi
472 1122 474 1126 ¹
482 1078 535 1112 non
548 1063 658 1127 emplius
671 1080 737 1113 urna

72 1166 103 1205 55
117 1156 157 1203 vel
171 1153 271 1216 cyatho,
287 1161 313 1201 et
325 1152 394 1201 dices
406 1153 511 1215 ‘magno
525 1154 557 1202 de
569 1153 674 1202 flumine
685 1152 774 1202 sualim

119 1259 196 1307 quern
209 1258 243 1291 ex
254 1242 304 1290 hoo
316 1242 441 1291 fonticulo
454 1242 605 1291 tantundem
618 1242 737 1290 sumere.¹
762 1255 793 1290 eo
806 1243 844 1301 fit,

119 1333 220 1396 plenior
231 1339 261 1379 ut
274 1332 360 1393 siquos
374 1330 483 1380 delectet
494 1331 571 1394 copie
582 1332 658 1390 iusto,

119 1436 177 1469 oum
188 1421 245 1483 ripe
257 1420 330 1468 simul
345 1420 448 1468 evolsos
461 1420 528 1467 ferat
539 1420 648 1468 Aufidus
662 1434 731 1468 scer.

118 1518 145 1558 et
158 1509 201 1573 qui
214 1509 304 1558 tantuli
318 1518 376 1572 eget
388 1516 485 1571 quanto
499 1517 538 1557 est
550 1523 625 1571 opus,
640 1509 662 1556 is
675 1524 760 1572 neque
777 1509 840 1557 limo

72 1606 104 1648 60
118 1598 617 1660 turbotemheuritaquamnequevitem
623 1598 839 1647 emittitinundis.

119 1695 146 1736 et
157 1688 227 1735 bono
239 1701 298 1749 pers
311 1686 445 1734 hominnm
457 1687 565 1749 decepta
578 1687 698 1749 cupidine
711 1687 779 1736 falso

117 1776 163 1824 ‘nil
170 1776 232 1825 setis
239 1775 381 1837 est’inquit,
391 1776 530 1838 ‘quiemnti
544 1785 668 1838 quantum
679 1776 776 1825 habeas
788 1775 846 1825 sis?

119 1865 180 1928 quid
193 1865 272 1913 lucios
284 1864 340 1912 illi?
358 1864 446 1913 iubees
457 1864 578 1913 miserum
591 1879 656 1923 esse,
671 1864 781 1913 libenter

120 1962 247 2017 quotenus
258 1953 284 2001 id
297 1953 373 2001 feeit:
393 1960 422 2000 ut
435 1952 539 2015 quidam
552 1962 708 2002 memoratur
719 1953 827 2002 Athenis

74 2053 104 2093 55
119 2044 237 2092 sordidus
250 2057 280 2091 ee
293 2042 373 2102 dives,
389 2042 478 2105 populi
492 2051 657 2091 contemnere
674 2056 750 2090 voees

119 2134 156 2181 sio
168 2133 267 2191 solitus,
282 2132 402 2194 ‘populus
414 2144 455 2179 me
467 2130 562 2189 sibilat,
577 2130 676 2179 etmihi
689 2130 785 2193 plaudo

118 2222 175 2285 ipse
187 2221 266 2280 domi,
281 2220 356 2268 simul
370 2234 400 2267 ee
412 2233 531 2267 nummos
545 2220 706 2283 contemplor
718 2220 746 2267 in
759 2220 841 2267 eree)

119 2310 245 2359 Tantalus
258 2309 365 2357 ulubris
378 2308 467 2356 sitiens
480 2308 605 2370 fugientiu
616 2316 703 2371 captat

119 2399 226 2446 flumine
237 2424 272 2431 -
285 2397 347 2460 quid
360 2396 445 2445 rides?
462 2405 559 2445 mutato
573 2397 679 2446 nomine
692 2399 761 2446 dete

75 2496 106 2535 το
120 2487 208 2535 fabule
221 2495 351 2534 narretur:
373 2486 503 2548 congestis
520 2486 634 2549 undique
646 2486 727 2535 soccis

119 2575 244 2623 indormis
256 2575 366 2633 inhians,
382 2584 408 2623 et
419 2582 552 2636 tamquam
563 2588 670 2637 parcere
681 2575 762 2622 saeris

120 2662 219 2724 cogeris
233 2671 276 2710 eut
288 2662 362 2725 pletis
374 2671 505 2725 tamquam
517 2663 630 2726 gaudere
642 2663 753 2712 tabellis.
