1917 3117
138 209 191 258 316
396 212 606 250 aersruuanuu

138 384 168 416 os
180 376 296 417 tenerum
309 369 381 431 pueri
394 369 550 431 balbumque
562 375 639 431 poeta
651 370 753 430 figuret,

138 464 241 519 torquet
252 458 284 505 ab
299 457 433 505 obscaenis
446 457 498 504 iam
510 470 580 504 nunc
592 457 754 504 sermonibus
767 471 875 516 aurern,

139 559 201 592 mox
213 545 289 593 etiem
302 552 391 607 pectus
404 544 547 607 praeceptis
560 543 655 591 format
672 543 771 601 amicis,

138 633 283 695 asperitatis
297 641 321 680 et
333 632 444 680 invidiae
457 639 585 680 corrector
598 639 624 679 et
634 633 697 689 irae,
716 657 719 662 ·

75 728 123 770 130
138 729 206 768 recte
219 720 287 768 secta
300 720 386 779 refert,
402 721 514 769 orientia
526 728 643 782 tempora
655 720 732 767 notis

137 809 240 856 instruit
252 809 385 871 exemplis,
400 809 506 870 inopem
519 809 616 858 solatur
629 816 654 856 et
665 822 781 870 aegrum.

139 898 215 945 castis
229 912 287 945 eum
298 898 384 961 pueris
396 899 489 960 ignara
502 898 591 960 puella
601 897 687 945 mariti

139 986 248 1035 disceret
259 987 329 1033 unde
343 1000 442 1049 preces,
457 994 539 1034 vatem
552 987 579 1033 ni
592 1000 667 1033 musa
679 985 812 1033 dedisset?

138 1074 221 1136 poscit
234 1088 309 1137 opem
322 1075 414 1122 chorus
428 1081 453 1122 et
465 1075 612 1136 praesentia
623 1073 730 1120 numina
741 1073 834 1132 sentit,

77 1173 124 1213 135
139 1164 256 1212 caelestis
269 1164 381 1226 inplorat
393 1177 474 1225 aquas
489 1164 565 1211 docta
577 1176 654 1224 prece
667 1161 785 1219 blandus,

139 1253 228 1300 avertit
238 1252 352 1310 morbos,
367 1252 507 1299 metuenda
518 1251 633 1313 pericula
645 1250 726 1312 pellit,

138 1340 256 1403 impetret
269 1347 295 1387 et
308 1353 398 1402 pacem
411 1347 436 1387 et
448 1339 605 1401 locupletem
617 1338 733 1400 frugibus
746 1351 858 1386 annum.

139 1429 251 1476 canniue
265 1429 291 1476 di
303 1428 388 1490 superi
402 1428 546 1490 placantur,
562 1428 675 1475 carmine
687 1439 786 1474 manes.

138 1515 268 1577 agricolae
281 1515 366 1577 prisci,
382 1515 462 1563 fortes
475 1500 606 1577 parvoque
619 1513 695 1572 beati,

76 1612 123 1652 tlt
138 1603 243 1651 conditu
254 1610 314 1665 post
326 1604 453 1653 lrumente
464 1604 579 1652 levantes
592 1611 708 1665 tempore
721 1603 788 1650 sesto

138 1706 230 1754 corpus
244 1699 270 1740 et
280 1692 365 1754 ipsum
378 1694 492 1740 animum
504 1707 550 1755 spe
565 1692 622 1740 finis
637 1691 700 1738 dura
711 1691 849 1738 ferentem-

138 1794 196 1827 cum
209 1780 285 1827 sociis
299 1794 406 1842 operum
418 1781 504 1842 pueris
518 1788 543 1828 et
556 1781 666 1842 coniuge
679 1779 738 1838 fida,

136 1868 267 1916 Tellurem
280 1882 376 1929 porco„
385 1866 519 1915 Silvanum
531 1868 597 1916 laete
610 1867 725 1929 piabant,

137 1956 243 2003 floribus
257 1963 282 2003 et
293 1957 353 2003 vino
367 1955 478 2004 Genium
491 1969 630 2004 memorem
643 1955 724 2003 brevis
737 1954 802 2002 aevi.

75 2052 122 2092 145
136 2044 299 2092 Fescennina
311 2058 356 2106 per
368 2044 437 2091 huno
449 2043 554 2092 inventa
567 2044 670 2092 licentia
682 2057 781 2090 morem

136 2132 250 2179 versibus
263 2132 369 2179 alternis
382 2132 522 2194 opprobria
534 2133 628 2179 rustica
641 2131 714 2189 fudit,

136 2219 290 2282 libertasque
302 2220 454 2268 recurrentis
468 2229 574 2282 accepta
585 2235 631 2282 per
643 2234 727 2268 annos

137 2308 198 2355 lusit
210 2307 360 2367 amabiliter,
377 2309 460 2356 donee
472 2309 525 2356 iam
537 2322 627 2356 saevus
641 2315 756 2371 apertam

136 2395 163 2441 in
176 2394 274 2442 rabiem
286 2396 371 2457 eoepit
381 2396 444 2443 verti
455 2395 529 2443 iocus
542 2403 568 2442 et
580 2410 628 2458 per
639 2397 762 2444 honestas

74 2488 121 2529 150
136 2482 173 2528 ire
187 2482 277 2529 domos
290 2482 386 2543 inpune
398 2485 496 2530 minax.
525 2484 631 2531 doluere
643 2492 749 2531 cruento

135 2566 212 2613 dente
224 2568 349 2616 lacessiti:
371 2569 419 2616 fuit
430 2570 534 2617 intactis
547 2584 652 2632 quoque
665 2585 725 2618 cura

136 2651 289 2700 condicione
301 2669 379 2716 super
392 2657 536 2703 communi:
560 2657 622 2717 quin
635 2658 711 2704 etiam
724 2658 767 2705 lex
