1917 3117
120 138 172 188 248
220 144 223 152 ·
395 140 567 180 sarmarum

119 298 199 359 longa
211 297 302 359 quibus
315 297 394 345 facies
407 298 459 345 ovis
473 297 529 356 erit,
544 298 589 345 illa
601 306 739 356 memento,

118 394 146 434 nt
159 385 212 432 suci
224 386 336 434 melioris
347 395 375 434 et
386 395 415 434 ut
426 387 508 449 magis
520 386 580 433 alba
596 386 721 444 rotundis,

118 487 229 536 ponere:
245 489 356 537 namque
368 489 465 522 marem
472 474 594 522 cohibent
606 474 704 521 callosa
715 474 844 524 vitellum.

74 570 103 608 15
119 562 191 609 caule
204 563 349 610 suburbano
364 563 407 625 qui
420 563 496 610 siccis
510 562 587 611 crevit
599 563 626 609 in
643 562 710 624 agris

119 650 232 719 dulcior:
252 650 352 713 inriguo
366 652 430 699 nihil
444 659 482 699 est
496 651 586 699 elutius
599 652 684 699 horto.

118 738 144 785 si·
153 740 311 801 vespertinus
325 739 408 787 subito
422 748 447 787 te
461 739 617 801 oppresserit
629 740 731 802 hospes,

118 841 151 875 ne
163 828 261 889 gallina
272 828 369 875 malum
381 836 517 890 responset
529 828 593 875 dura
605 828 701 889 palato,

119 916 210 963 doctus
224 916 273 963 eris
286 916 367 963 vivam
379 924 462 963 musto
475 930 588 964 mersare
601 916 726 964 Falerno:

73 1012 103 1052 20
117 1004 167 1052 hoc
179 1012 293 1053 teneram
305 1003 390 1053 faciet.
418 1004 577 1066 pratensibus
593 1006 689 1067 optima
701 1005 788 1067 fungis

119 1102 210 1142 natura
222 1101 269 1152 cst,
284 1093 341 1141 aliis
354 1093 422 1141 male
434 1093 553 1141 creditur.
575 1093 620 1140 ilie
633 1094 741 1141 salubris

119 1189 228 1230 aestates
241 1191 354 1244 peraget,
371 1182 413 1244 qui
425 1182 505 1244 nigris
518 1183 626 1244 prandia
638 1183 716 1230 moris

119 1269 197 1328 finiet,
213 1277 272 1318 ante
285 1284 388 1331 gravem
401 1284 466 1332 quae
479 1270 570 1331 legerit
581 1271 672 1318 arbore
690 1271 780 1319 solem.

119 1357 236 1405 Aufidius
250 1356 311 1405 forti
323 1357 446 1405 miscebat
456 1358 535 1406 mella
548 1359 674 1405 Falerno:

73 1452 104 1492 25
119 1445 258 1505 mendose;
281 1445 402 1506 quoniam
415 1446 501 1494 vacuis
515 1447 664 1495 conmittere
677 1447 747 1494 venis

116 1534 152 1581 nil
165 1533 214 1580 nisi
228 1533 286 1580 lene
300 1534 385 1580 decet:
407 1534 459 1581 leni
472 1534 624 1596 praecordia
640 1536 724 1583 mulso

119 1621 245 1684 prolueris
258 1621 357 1668 melius.
385 1622 407 1669 si
420 1623 484 1669 dura
495 1621 635 1670 morabitur
647 1622 727 1681 alvus,

118 1710 220 1757 mitulus
235 1717 259 1757 ct
271 1709 333 1756 viles
346 1709 444 1771 pellent
456 1710 586 1757 obstantia
598 1711 712 1759 conchae

119 1806 144 1847 et
156 1797 252 1860 lapathi
265 1797 346 1845 brevis
359 1797 447 1856 herba,
463 1797 507 1845 sed
525 1798 585 1845 albo
598 1813 652 1846 non
665 1798 720 1846 sine
734 1797 800 1847 Coo.

73 1896 103 1936 30
118 1886 217 1935 lubrica
228 1893 362 1934 nascentes
375 1885 475 1948 inplent
487 1884 622 1947 conchylia
633 1887 726 1935 lunae:
743 1897 745 1900 ’

118 1977 163 2023 sed
176 1990 228 2023 uon
242 1988 318 2022 omne
330 1988 401 2022 mare
414 1983 453 2022 est
465 1988 606 2035 generosae
619 1975 701 2023 fertile
713 1983 812 2024 testae:

118 2064 212 2112 murIce
224 2064 324 2111 Baiano
336 2062 427 2117 melior
439 2062 552 2110 Lucrina
564 2063 668 2125 peioris,

119 2160 203 2202 ostrea
216 2151 329 2210 Circeiis,
344 2150 444 2200 Miseno
458 2152 575 2199 oriuntur
587 2152 680 2211 echini,

119 2241 261 2303 pectinibus
274 2239 367 2302 patulis
380 2239 458 2287 iactat
469 2255 498 2288 se
511 2240 590 2289 molle
601 2242 751 2289 Tarentum.

73 2337 103 2377 35
118 2343 166 2377 noc
179 2329 227 2377 sibi
240 2343 361 2377 cenarum
374 2328 454 2389 quivis
468 2337 562 2377 temere
575 2339 678 2392 arroget
689 2338 781 2391 artem,
827 2362 832 2370 ·

118 2430 172 2463 non
184 2416 254 2479 prius
267 2424 357 2465 exacta
369 2417 440 2464 tenui
452 2417 552 2464 ratione
566 2432 695 2480 saporum.

119 2517 166 2551 nec
178 2504 239 2551 satis
253 2512 291 2552 est
304 2519 363 2553 cara
375 2504 452 2566 piscis
465 2519 580 2553 averrere
599 2521 689 2554 mensa

117 2590 235 2651 ignarum
248 2592 338 2655 quibus
352 2601 390 2640 cst
401 2593 440 2640 ius
453 2593 537 2655 aptius
550 2602 575 2641 et
588 2594 679 2658 quibus
693 2595 757 2643 assis
