1917 3117
415 192 506 230 arnna
518 192 539 229 1.
788 188 840 237 28³

115 365 193 412 quam
205 349 266 396 mihi
280 350 325 397 das
339 364 426 411 aegro,
444 349 516 397 dabis
530 356 664 411 aegrotare
676 349 784 408 timenti,

85 447 99 486 5
115 438 262 497 Maecenas,
277 439 387 497 veniam,
404 438 464 485 dum
477 438 540 485 ficus
553 437 635 500 prima
648 438 769 501 calorque

115 526 305 588 designatorem
319 527 423 574 decorat
434 526 567 574 lictoribus
579 526 650 584 atris,

116 615 176 663 dum
189 615 275 678 pueris
289 614 372 662 omnis
384 621 457 677 pater
469 622 496 662 et
508 615 649 662 matercula
660 614 749 676 pallet,

115 704 283 766 officiosaque
296 702 418 750 sedulitas
433 710 457 750 et
470 703 557 766 opella
569 703 679 751 forensis

116 792 220 840 adducit
231 791 310 839 febris
324 798 349 839 et
359 797 515 838 testamenta
527 791 649 852 resignat.

68 889 100 930 10
117 880 186 942 quod
199 880 222 927 si
234 881 322 927 bruma
335 879 399 927 nivis
413 879 524 941 Albanis
536 879 628 927 inlinet
640 879 719 940 agris,

116 969 149 1016 ad
161 982 231 1016 mare
244 968 382 1016 descendet
393 975 464 1016 vates
477 975 536 1015 tuus
549 975 574 1015 et
586 967 635 1015 sibi
647 975 735 1029 parcet

116 1065 314 1119 contractusque
326 1057 409 1118 leget:
425 1063 459 1114 te,
475 1055 556 1103 duleis
570 1056 659 1113 amice,
675 1055 765 1104 reviset

116 1160 174 1193 cum
185 1145 309 1207 zephyris,
326 1145 348 1192 si
361 1145 497 1203 concedes,
513 1153 539 1192 et
550 1144 687 1192 hirundine
699 1144 791 1207 prima.

115 1249 171 1282 non
184 1248 234 1297 quo
247 1249 320 1282 more
332 1234 400 1297 pyris
413 1233 480 1282 vesci
495 1232 606 1281 Calaber
618 1234 689 1282 iubet
700 1233 794 1297 hospes

70 1331 100 1372 15
115 1331 143 1372 tu
155 1338 195 1371 me
208 1323 291 1372 iecisti
304 1323 469 1386 locupletem.
495 1322 607 1370 ‘vescere
618 1322 716 1370 sodes.²

114 1411 174 1460 ‘iam
187 1412 247 1461 satis
261 1411 318 1460 est*
336 1413 371 1460 ‘at
383 1419 410 1460 tu
423 1418 547 1474 quantum
560 1411 597 1458 vis
610 1411 694 1458 tolle.'
710 1410 852 1471 ‘benigne'

115 1500 178 1549 ‘non
190 1501 272 1549 invisa
285 1501 352 1549 feres
366 1501 451 1564 pueris
464 1499 617 1548 munuscula
629 1499 734 1562 parvis.³

829 1012 868 1021 u—

115 1590 176 1637 ‘tam
187 1596 278 1637 teneor
290 1590 359 1636 dono
373 1605 451 1651 quam
464 1590 485 1636 si
500 1589 611 1636 dimittar
623 1588 752 1636 onustus.²

116 1678 152 1725 ‘ut
164 1677 239 1725 libet:
260 1677 324 1724 haec
337 1677 420 1739 porcis
433 1678 510 1726 hodie
528 1677 687 1725 comedenda
703 1676 853 1739 relinques.'

70 1774 102 1814 20
117 1765 239 1828 prodigus
253 1771 279 1812 et
290 1765 382 1812 stultus
396 1765 476 1812 donat
489 1779 555 1828 quae
568 1766 665 1827 spernit
677 1773 703 1813 et
715 1766 784 1813 odit:

115 1854 179 1901 haec
192 1867 265 1914 seges
277 1853 393 1914 ingratos
405 1853 463 1900 tulit
475 1862 500 1901 et
513 1853 578 1901 feret
590 1854 709 1901 omnibus
723 1853 808 1900 annis.

115 1942 248 1989 virbonus
262 1948 286 1988 et
299 1940 400 2002 sapiens
414 1940 498 2002 dignis
512 1940 547 1988 ait
560 1954 616 1989 esse
629 1948 748 2003 paratus:

115 2037 261 2078 nectamen
274 2029 377 2090 ignorat
390 2029 451 2090 quid
464 2029 560 2076 distent
572 2042 632 2075 aera
645 2029 748 2090 lupinis.

117 2118 222 2180 dignum
233 2117 370 2181 praestabo
383 2131 424 2164 me
437 2117 514 2165 etiam
526 2132 573 2180 pro
587 2117 662 2164 laude
674 2118 804 2165 merentis.

71 2214 102 2255 25
118 2205 209 2268 quodsi
222 2219 263 2254 ma
275 2206 349 2253 noles
361 2219 471 2268 usquam
485 2205 624 2264 discedere,
639 2206 731 2254 reddes

117 2295 182 2343 forte
195 2295 271 2354 latus,
287 2295 376 2356 nigros
388 2302 498 2356 angusta
508 2294 596 2343 fronte
609 2295 726 2357 capillos,
802 2356 839 2362 m

118 2384 208 2432 reddes
223 2384 298 2432 dulce
310 2383 390 2447 loqui,
405 2384 498 2432 reddes
511 2385 592 2432 ridere
606 2383 726 2432 decorum
740 2391 766 2432 et

116 2472 182 2520 inter
195 2473 255 2519 vina
266 2471 355 2533 sugam
369 2470 477 2521 Cinarae
491 2487 605 2522 maerere
618 2480 760 2535 protervae.

116 2559 182 2608 forte
194 2575 240 2623 per
252 2569 388 2622 angustam
401 2561 484 2609 tenuis
498 2561 614 2609 nitedula
626 2561 716 2609 rimam

73 2657 103 2698 ³0
117 2656 229 2710 repserat
241 2649 268 2696 in
282 2663 411 2697 cumeram
423 2649 553 2710 frumenti,
568 2657 695 2714 pastaque
707 2665 793 2699 rursus
