1917 3117
384 186 480 223 menn
490 186 512 223 1.

72 360 133 393 eum
145 344 191 392 tibi
204 343 316 406 flagrans
329 357 410 403 amor,
426 353 451 392 et
463 342 543 391 libido

75 448 141 496 quae
154 434 221 481 solet
232 439 327 480 matres
341 431 436 480 furiare
448 446 581 494 equorum,

23 531 54 571 15
75 523 171 571 saeviet
184 523 251 570 circe
263 520 333 568 iecur
345 520 500 579 ulcerosum,

74 627 127 660 non
141 612 196 659 siue
210 617 301 674 questu

34 819 39 832 .
74 755 142 802 laeta
155 754 225 817 quod
238 754 319 816 pubes
333 753 429 801 hedera
440 753 538 801 virente

73 844 186 906 gandeat
198 843 271 905 pulla
281 843 364 903 magis
377 849 453 904 atque
465 850 558 903 myrto,

73 932 158 980 aridas
171 930 271 980 frondis
284 931 375 979 hiemis
387 930 470 978 sodali

21 1029 52 1070 20
73 1021 175 1071 dedicet
187 1034 258 1069 euro.

400 1411 498 1459 XXVI.

69 1509 92 1550 Ο

72 1572 155 1621 Musis
168 1573 265 1620 amicus
277 1572 404 1620 tristitiam
416 1579 443 1620 et
453 1580 536 1620 metus

72 1663 174 1710 tradem
186 1662 310 1725 protervis
322 1663 348 1709 in
362 1675 433 1710 mare
446 1660 574 1710 Creticum

72 1758 178 1815 portare
191 1751 280 1809 ventis,
296 1751 352 1813 quis
367 1751 414 1798 sub
426 1750 507 1799 Arcto

72 1857 120 1890 rex
134 1840 235 1903 gelidae
246 1846 374 1887 metuatur
386 1854 455 1898 orae,

39 1993 52 2033 t
75 1983 137 2047 quid
150 1982 283 2031 Tiridaten
296 1990 398 2042 terreat,
415 1983 491 2029 unice

73 2087 188 2121 securus.
216 2087 232 2119 o
244 2085 312 2134 quae
328 2071 442 2120 fontibus
455 2072 562 2133 integris

74 2162 182 2224 gaudes,
197 2161 298 2223 apricos
311 2168 385 2209 necte
398 2160 483 2220 floreo,

74 2258 149 2299 necte
161 2264 220 2297 meo
233 2249 339 2297 Lamiae
351 2264 483 2310 eoronam,
555 2273 557 2279 2

75 2392 185 2455 Pimplei
200 2392 296 2440 duleis:
318 2392 354 2439 nii
368 2393 460 2440 sinete
473 2392 524 2441 mei

24 2490 54 2532 to
75 2489 185 2545 prosunt
196 2482 324 2529 honores:
346 2481 414 2530 hune
427 2482 519 2530 fidibus
528 2481 613 2541 novis,

75 2572 143 2620 hunc
156 2570 251 2620 Lesbio
264 2585 365 2619 sacrare
377 2572 474 2634 plectro

75 2667 152 2723 teque
164 2668 273 2722 tuasque
287 2660 361 2707 decet
374 2674 485 2708 sorores.
544 2704 548 2710 .

129 2763 225 2799 Horatius.
242 2761 272 2797 ed.
282 2762 304 2797 ΙΙ.

371 2810 531 2817 ...-

651 2771 663 2812 3
