1917 3117
146 222 198 273 m
420 224 594 264 serrantium

144 382 227 430 nudus
240 381 318 444 agria,
333 382 417 429 nudus
431 381 548 440 nummis,
563 381 663 441 insane,
679 381 811 444 paternis?

81 478 129 519 185
144 470 240 519 scilicet
252 477 280 519 ut
291 471 396 533 plausus
410 484 475 533 quos
488 469 538 518 fert
549 471 667 533 Agrippa
678 470 747 518 feras
760 478 796 529 tu,

145 567 228 607 astuta
240 558 380 621 ingenuum
392 559 480 621 volpes
494 559 591 606 imitata
604 558 773 607 1111111113-

145 661 177 696 ne
191 647 247 710 quis
259 647 378 698 humasse
391 647 451 695 velit
461 647 577 706 Aiacem,
592 646 691 706 Atrida,
705 655 776 696 vetas
789 648 856 696 cur?

143 736 198 784 ‘rex
210 735 287 783 sum?
311 735 348 782 nil
361 735 427 783 ultra
441 749 537 797 quaero
551 736 676 798 plebeius.
702 736 736 784 ‘et
747 751 861 799 aequam

143 839 198 873 rem
210 822 337 886 imperito,
352 837 383 871 ac
396 823 417 871 ai
430 823 470 871 cui
484 823 572 871 videor
585 839 637 872 nou
650 825 740 883 iustus,
755 825 841 875 inulto

80 921 129 962 tto
145 912 229 961 dicere
242 913 311 974 quod
324 911 401 960 sentit
414 911 555 974 permitt0.'
578 912 689 961 maxime
701 927 800 976 regum,

145 1001 170 1048 di
182 1000 228 1049 tibi
241 1001 302 1048 deut
314 1007 390 1063 capta
402 1000 512 1048 classem
524 1001 649 1050 deducere
661 1001 748 1049 Troia.

143 1103 206 1152 ergo
219 1090 354 1138 consulere
366 1097 392 1137 et
403 1103 465 1136 mox
478 1090 636 1151 respondere
648 1089 754 1138 licebit?

142 1177 278 1226 ‘consule'
301 1191 346 1226 cur
357 1176 425 1224 Aiax
437 1178 513 1225 heros
526 1178 559 1225 ab
572 1179 674 1226 Achille
687 1179 814 1228 secundus

144 1266 261 1329 putescit,
275 1266 368 1314 totiens
381 1265 488 1313 servatis
501 1266 585 1313 clarus
597 1266 719 1315 Achivis?

81 1362 129 1403 191
144 1354 254 1417 gaudeat
265 1362 293 1402 ut
305 1354 417 1417 populus
430 1353 526 1402 Priami
538 1354 706 1418 Priamusque
718 1356 864 1416 inhumata),

144 1458 189 1506 per
202 1457 277 1505 quem
289 1450 327 1490 tot
339 1442 443 1490 iuvenes
455 1443 538 1504 patrio
552 1457 656 1492 caruere
669 1444 803 1506 sepulcro?

144 1531 223 1580 ‘mille
236 1530 320 1579 ovium
332 1530 437 1579 insanus
450 1533 525 1580 morti
538 1532 616 1592 dedit,
632 1532 755 1580 inclutum
768 1532 865 1583 Ulixen

145 1627 170 1668 et
183 1620 329 1668 Menelaum
341 1632 394 1666 una
406 1632 508 1667 mecum
519 1634 547 1668 se
561 1620 677 1669 occidere
690 1621 827 1670 clamans.²

144 1715 171 1756 tu
183 1722 241 1756 cum
254 1722 300 1771 pro
313 1706 392 1755 vitula
404 1708 495 1755 statuis
510 1708 612 1757 dulcem
622 1708 716 1756 Aulide
729 1720 817 1759 natam

81 1803 129 1846 200
145 1805 204 1845 ante
217 1810 274 1844 aras
287 1796 437 1859 spargisque
454 1797 524 1844 mola
537 1805 622 1859 capnt,
637 1797 755 1860 inprobe,
771 1799 848 1857 salsa,

143 1893 240 1934 rectum
252 1884 329 1932 animi
341 1883 444 1933 servae?
457 1884 595 1947 quorsum?
607 1884 712 1934 insanus
726 1887 787 1949 quid
800 1889 872 1937 enim

502 1973 572 2021 Aiax

143 2061 212 2119 fecit,
227 2075 285 2108 cum
297 2060 386 2108 stravit
397 2059 465 2109 ferro
478 2060 576 2123 pecual
588 2061 711 2110 abstinuit
723 2062 772 2111 vim

143 2163 222 2198 uxore
234 2156 259 2198 11
271 2156 363 2211 gnato:
383 2149 451 2196 male
462 2150 544 2197 multa
556 2159 673 2212 precatus
685 2151 784 2200 Atridis

143 2253 196 2287 nou
208 2238 253 2286 ille
264 2245 308 2286 aut
319 2236 446 2286 Teucrum
458 2246 501 2286 aut
513 2239 597 2301 ipsum
613 2238 718 2287 violavit
730 2239 835 2289 Ulixen.

79 2332 128 2374 205
141 2325 237 2374 ‘verum
250 2339 299 2388 ego
313 2332 340 2374 ut
352 2325 480 2374 haerentia
493 2327 601 2375 adverso
615 2327 690 2376 litore
703 2328 775 2376 navis

142 2413 266 2478 eriperem
278 2414 390 2476 prudens
403 2415 502 2477 placavi
515 2416 642 2478 sanguine
655 2416 748 2465 divos.'

143 2514 235 2563 nempe
247 2507 299 2561 tuo,
315 2501 420 2551 furiose.
447 2504 523 2562 ‘me0,
539 2505 584 2553 sed
598 2519 650 2552 nou
663 2505 798 2554 furiosus!
808 2533 845 2543 -

141 2586 193 2649 ‘qui
206 2589 304 2650 species
317 2589 380 2639 alias
393 2592 444 2640 veri
457 2591 613 2655 scelerisque
625 2594 735 2642 tumultu

143 2676 278 2738 permixtas
291 2678 383 2740 capiet,
398 2689 534 2729 conmotus
547 2681 689 2738 habebitur,
704 2690 784 2745 atque
