1917 3117
381 211 519 250 Poa'rch.

93 368 145 431 ipse
157 367 206 416 sibi
218 367 295 416 tradit
308 375 446 430 spectator.
474 382 528 415 non
540 374 627 414 tamen
639 366 707 415 intus

93 457 169 519 digna
181 457 235 519 geri
248 471 349 519 promes
362 456 388 503 in
402 470 531 514 scaenam,
546 455 678 517 multaque
691 456 769 504 tolles

93 559 124 594 ex
136 545 217 592 oculis
231 559 297 607 quae
310 559 371 592 mox
383 551 470 592 narret
482 543 603 591 facundia
615 557 747 606 praesens,

50 640 78 680 11
92 647 124 681 ne
136 647 230 695 pueros
243 647 329 681 coram
342 633 438 696 populo
451 632 546 680 Medea
557 632 676 691 trucidet,

92 729 134 769 aut
146 721 258 768 humana
270 722 357 784 palam
369 728 464 783 coquat
476 728 536 769 exta
548 719 662 769 nefarius
675 720 777 779 Atreus,

92 808 173 856 autin
186 823 257 856 avem
269 809 370 857 Procne
382 816 501 868 vertatur,
518 808 630 858 Cadmus
647 809 674 857 iu
687 822 808 871 anguem.

92 896 269 959 quodcumque
282 897 395 946 ostendis
408 897 470 945 mihi
484 897 529 957 sic,
543 897 690 945 incredulus
703 896 755 945 odi.

92 1000 156 1034 neve
168 985 254 1034 minor
266 1000 317 1034 neu
329 986 363 1034 sit
375 986 463 1048 quinto
477 984 627 1048 productior
639 993 699 1033 actu

47 1082 77 1122 90
93 1074 180 1123 fabula
194 1087 260 1136 quae
273 1073 346 1136 posci
358 1074 411 1122 volt
424 1081 449 1122 61
462 1082 577 1137 spectata
589 1073 689 1137 reponi.

90 1176 138 1210 nec
151 1162 213 1210 deus
226 1162 333 1221 intersit,
348 1162 397 1210 nisi
410 1162 502 1225 dignus
515 1163 613 1212 uindice
626 1162 709 1210 nodus

90 1250 223 1299 inciderit:
238 1265 287 1299 nec
300 1257 390 1314 quarta
401 1251 473 1313 loqui
486 1265 598 1313 persona
609 1251 719 1298 laboret.

90 1339 182 1388 actoris
196 1339 275 1403 partis
288 1340 381 1387 chorus
394 1338 560 1401 officiumque
572 1339 645 1387 111116

27 1410 31 1427 ’
91 1427 220 1488 defendat,
235 1442 287 1477 neu
299 1428 360 1491 quid
372 1428 470 1476 medius
483 1427 620 1477 intercinat
632 1434 705 1476 actus

25 1460 74 1601 191
91 1516 160 1579 quod
174 1532 227 1566 non
241 1518 375 1581 preposite
389 1517 518 1566 conducat
530 1524 555 1565 et
567 1517 672 1565 haereat
684 1523 754 1580 apte.

25 1604 29 1677 i
49 1649 56 1659 ,
88 1605 132 1653 1116
145 1606 220 1653 benis
232 1606 367 1668 faveatque
380 1613 405 1654 et
418 1606 567 1655 consilietur
578 1606 669 1666 amice,

89 1702 115 1742 61
128 1700 201 1755 regat
211 1694 299 1753 iratos,
316 1701 341 1743 61
354 1701 422 1743 amet
434 1708 527 1757 pacare
539 1696 669 1754 tumentis,

87 1781 133 1829 ille
146 1782 225 1844 dapes
238 1782 325 1830 laudet
336 1796 441 1830 mensae
454 1782 547 1842 brevis,
562 1783 605 1831 illc
618 1784 747 1833 salubrem

88 1869 212 1918 iustitiam
224 1870 347 1932 legesque
360 1877 386 1918 et
397 1869 491 1933 apertis
505 1869 558 1918 otia
570 1872 660 1933 portis,

41 1966 73 2007 00
88 1959 135 2007 1116
148 1965 218 2020 tegat
231 1959 376 2018 commissa,
392 1958 506 2019 deosque
519 1966 635 2021 precetur
647 1967 673 2007 61
685 1967 741 2008 6161

14 2048 16 2083 ῖ
87 2055 116 2095 ut
129 2046 218 2096 redeat
229 2046 337 2107 miseris,
353 2047 429 2096 abeat
441 2047 545 2094 fortuna
557 2048 683 2109 superbis.

14 2134 16 2137 ’
87 2136 152 2185 tibia
163 2149 218 2183 nen
230 2143 259 2184 ut
271 2149 340 2184 nuno
353 2135 483 2184 orichalco
497 2135 582 2182 vincta
594 2136 722 2197 tubaeque

14 2208 16 2213 ’
87 2224 197 2284 aemula,
213 2225 257 2273 sed
270 2224 354 2273 tenuis
368 2224 529 2287 simplexque
542 2223 667 2273 foramine
680 2238 763 2287 pauco

87 2313 221 2377 adspirare
234 2321 259 2364 61
271 2313 361 2362 adesse
374 2312 458 2360 choris
473 2319 528 2361 6111
540 2312 609 2360 utilis
622 2321 699 2375 atque

40 2410 71 2452 61
87 2402 206 2450 nondum
219 2402 302 2465 spissa
314 2401 390 2450 nimis
404 2402 526 2464 conplere
540 2401 632 2449 sedilia
642 2402 718 2450 flatu:

88 2505 142 2553 quo
155 2505 218 2539 sane
230 2492 340 2554 populus
354 2490 529 2548 numerabilis,
544 2496 634 2552 utpote
646 2505 748 2553 parvus,

88 2587 115 2628 et
127 2579 196 2642 frugi
209 2587 346 2642 castusque
358 2579 566 2640 verecundusque
579 2578 673 2627 coibat.

89 2674 229 2731 postquam
241 2668 327 2731 coepit
339 2682 416 2731 agros
430 2667 569 2716 extendere
582 2667 662 2716 116161
675 2676 700 2717 61
711 2667 782 2717 urbis

131 2768 227 2805 1161111111.
244 2769 274 2805 ed.
283 2771 305 2806 11.
635 2781 666 2823 22
