1917 3117
407 224 506 261 LIBER.

81 380 183 428 nullum
195 395 210 428 a
223 380 312 429 labore
324 394 365 428 me
378 380 486 428 reclinat
498 381 593 440 otium3

29 475 61 516 25
82 476 176 531 urguet
188 469 256 517 diem
268 483 322 517 uox
335 476 360 517 ct
373 468 426 517 dies
439 477 551 529 noctem,
566 484 652 533 neque
664 478 703 518 est

82 557 169 605 levare
181 565 254 606 tenta
265 557 355 620 spiritu
367 558 527 619 praecordia.

84 661 149 709 ergo
160 654 281 709 negatum
294 646 382 693 vincor
394 654 422 694 ut
433 647 537 695 credam
549 648 635 705 miser,

82 735 188 784 Sabella
201 743 289 798 pectus
302 734 436 797 increpare
453 736 575 793 carmina,

82 832 210 887 caputque
222 824 309 872 Marsa
322 823 431 872 dissilire
444 824 529 872 nenia.

30 921 61 962 30
83 912 145 975 quid
159 912 268 976 amplius
281 911 335 960 vis?
355 926 462 968 omaro,
478 927 494 959 o
507 921 583 970 terra,
599 913 678 961 ardeo

83 1009 207 1065 quantum
220 1016 303 1064 neque
316 1009 372 1049 atro
386 1000 512 1049 delibutus
525 1002 648 1050 Hercules

82 1090 156 1138 Nessi
169 1104 259 1138 cruore
271 1104 319 1139 nec
333 1088 427 1137 Sicana
439 1090 538 1138 fervida

85 1178 172 1227 furens
184 1178 211 1226 iu
224 1180 310 1227 Aetne
322 1179 439 1238 flamma3
460 1187 496 1236 tu,
513 1179 596 1227 donec
609 1178 672 1225 cinis

84 1268 211 1315 iniuriosis
225 1268 310 1315 aridus
322 1269 403 1316 ventis
416 1267 492 1326 ferar,

32 1363 64 1405 35
86 1356 163 1414 cales,
180 1357 284 1407 venenis
297 1356 401 1405 officina
414 1354 552 1405 Colchicis.

86 1460 150 1507 quae
165 1445 222 1493 finis
235 1454 279 1494 aut
291 1446 360 1509 quod
373 1460 413 1494 me
426 1453 514 1493 manet
527 1444 699 1508 stipendium?

86 1533 176 1582 effare:
196 1534 278 1582 iussas
292 1549 349 1582 cum
362 1535 412 1583 lide
425 1549 524 1597 poenas
537 1535 615 1592 luam,

83 1630 188 1684 paratus
201 1623 314 1685 expiare,
329 1637 374 1670 seu
388 1622 537 1685 poposceris

86 1718 187 1760 centum
199 1711 329 1770 iuvencos,
345 1711 397 1759 sive
409 1712 527 1760 mendaci
541 1713 597 1773 lyra

31 1809 64 1850 4ο
86 1801 155 1848 voles
170 1798 264 1857 sonari,
281 1807 307 1846 tu
326 1800 428 1862 pudica,
444 1808 472 1847 tu
485 1802 567 1862 proba

86 1886 274 1952 perambulabis
287 1895 355 1935 astra
367 1889 437 1936 sidus
450 1903 564 1937 aureum.

85 1977 186 2025 infamis
199 1976 315 2025 Helenae
328 1975 422 2025 Castor
433 1977 547 2025 offensus
561 1980 623 2028 vice.

85 2066 215 2129 fraterque
228 2065 315 2128 magui
329 2064 451 2124 Castoris,
468 2067 527 2114 vieti
539 2081 616 2128 prece

86 2154 207 2217 adempta
219 2155 270 2204 vati
282 2155 416 2203 reddidere
427 2155 540 2203 lumina:

32 2254 64 2293 45
86 2251 111 2292 et
123 2251 159 2302 tu,
174 2253 247 2306 potes
260 2259 330 2304 uam,
345 2244 416 2292 solve
427 2258 468 2292 me
482 2244 619 2303 dementia,

87 2347 102 2380 ο
116 2346 164 2380 uec
176 2333 289 2395 paternis
302 2333 420 2382 obsoleta
432 2333 560 2393 sordibus,

86 2435 170 2483 neque
183 2421 209 2469 in
223 2422 347 2485 sepulcris
361 2437 503 2485 pauperum
515 2423 627 2485 prudens
641 2437 705 2471 auus

85 2509 246 2559 novendialis
259 2511 383 2573 dissipare
394 2511 521 2573 pulveres.

86 2599 131 2648 tibi
144 2599 272 2662 hospitale
285 2607 375 2663 pectus
388 2608 414 2648 et
425 2615 506 2664 purae
518 2616 619 2659 manus,

33 2697 64 2739 to
85 2695 195 2752 tuusque
207 2695 295 2737 ventor
307 2688 478 2749 Pactumeius,
496 2696 520 2738 et
537 2696 581 2738 tuo
