1917 3117
420 209 508 246 nisus
521 209 552 245 11.
795 205 847 257 245

123 366 211 413 invisis
223 364 339 414 foribus?
358 366 399 413 ‘ne
411 380 490 420 nunc,
506 380 563 413 cum
575 380 616 413 me
629 375 703 414 vocat
716 368 792 425 ultro,

123 454 260 503 accedam?
279 468 312 501 an
325 455 410 516 potius
424 454 533 502 mediter
545 454 619 502 finire
632 455 753 504 dolores?

124 544 245 602 exclusit3
261 551 372 591 revocat.
393 543 513 592 redeam?
527 558 589 601 uon,
605 542 626 590 si
639 544 775 592 obsecret’
794 557 853 591 ecce

59 640 108 681 265
124 646 209 680 servus
222 647 276 679 non
290 632 377 694 paullo
391 633 544 695 sapientior:
566 632 590 680 ‘o
604 645 655 690 ere,
670 645 736 694 quae
748 646 788 680 res

123 734 172 769 nec
183 721 287 769 modum
301 721 378 769 habet
390 720 624 783 nequeconsilium,
635 722 734 768 ratione
744 720 873 782 modoque

123 810 224 858 tractari
237 824 290 857 non
303 809 365 857 volt.
386 809 413 856 in
425 823 512 856 amore
523 809 587 857 haec
600 817 660 857 sunt
671 809 748 866 mala,
765 808 869 866 bellum,

124 911 177 960 pax
189 911 304 945 rursum:
326 899 388 946 haec
402 899 480 960 siquis
494 899 651 960 tempestatis
664 911 745 960 prope
758 898 807 944 n'tu

123 986 229 1034 mobilia
241 994 266 1035 et
279 1001 356 1035 caeca
368 987 493 1035 fluitantia
507 995 577 1035 sorte
589 987 689 1034 laboret

60 1083 109 1125 270
123 1075 230 1123 reddere
243 1084 312 1123 certa
325 1075 380 1134 sibi,
396 1076 475 1123 nihilo
489 1076 547 1137 plus
561 1076 713 1137 explicatae
726 1075 747 1121 si

122 1164 235 1211 insanire
248 1173 320 1226 paret
332 1171 399 1212 certa
411 1164 511 1212 ratione
523 1164 672 1225 modoque)

124 1251 202 1314 quid?
222 1266 279 1300 cum
291 1252 392 1301 Picenis
406 1267 547 1314 excerpens
560 1253 659 1300 semina
672 1251 753 1314 pomis

123 1340 229 1403 gaudes,
245 1341 265 1388 si
279 1355 406 1389 cameram
419 1342 529 1404 percusti
542 1341 616 1399 forte,
632 1354 711 1403 penes
724 1348 749 1387 te
762 1338 807 1387 es?

60 1410 62 1412 ¹
124 1428 202 1491 quid?
220 1443 278 1477 cum
291 1430 369 1478 balba
381 1429 442 1478 feris
455 1443 556 1477 annoso
570 1430 647 1477 verba
659 1429 757 1491 palate,

57 1526 108 1568 275
124 1518 274 1567 aedificante
287 1532 360 1566 casas
374 1518 417 1580 qui
429 1518 535 1566 sanior?
552 1519 618 1566 adde
631 1531 748 1565 eruorem

123 1606 253 1666 stultitiae,
263 1615 339 1669 atque
345 1606 432 1668 ignem
439 1606 526 1665 gladio
534 1614 646 1655 scrutare
657 1606 744 1666 modo,
758 1606 785 1653 in
798 1619 873 1668 quem

123 1695 233 1743 Hellade
246 1708 368 1757 percussa
381 1695 477 1741 Marius
492 1709 549 1742 cum
562 1696 713 1758 praecipitat
725 1710 761 1754 se,

124 1783 229 1831 cerritus
242 1783 308 1830 fuit?
328 1798 362 1830 an
375 1790 512 1831 conmotae
525 1783 629 1830 crimine
643 1783 736 1831 mentis

123 1871 241 1920 absolves
254 1871 384 1918 hominem
397 1878 422 1918 et
434 1868 538 1918 'sceleris
552 1871 685 1919 damnabis
699 1872 817 1930 eundem,

57 1969 108 2010 280
125 1975 157 2008 ex
169 1974 241 2008 more
253 1958 380 2021 inponens
394 1967 507 2020 cognata
519 1960 644 2007 vocabula
656 1959 749 2008 rebus?

123 2047 257 2096 libertinus
271 2055 333 2105 erat,
350 2048 393 2109 qui
405 2048 500 2095 circum
513 2047 626 2109 compita
636 2048 719 2094 siccus

123 2136 199 2184 lautis
213 2149 289 2183 mane
302 2150 383 2183 senex
395 2135 512 2183 manibus
531 2136 649 2184 currebat
662 2143 687 2183 et
697 2135 785 2183 ‘unum

125 2224 198 2287 (quid
206 2232 259 2273 tarn
266 2224 412 2286 magnuml'
418 2224 530 2286 addens)
537 2225 626 2271 ‘unum
631 2238 672 2271 me
679 2224 775 2286 surpite
782 2224 856 2272 morti
865 2240 870 2270 :

125 2313 163 2360 dis
177 2314 271 2362 etenim
284 2314 360 2362 facile
373 2314 419 2362 est²
431 2314 536 2373 orabat3
552 2327 629 2360 sanus
642 2312 756 2375 utrisque

58 2410 108 2451 285
124 2402 227 2449 auribus
241 2410 317 2465 atque
331 2402 427 2451 oculis:
448 2410 568 2460 mentem,
585 2401 634 2448 nisi
647 2401 782 2463 litigiosus,

125 2490 254 2553 exciperet
262 2490 388 2549 dominus,
399 2505 456 2538 cum
463 2491 593 2538 venderet.
609 2490 658 2538 hoc
670 2505 773 2553 quoque
784 2491 874 2553 volgus

125 2578 284 2642 Chrysippus
296 2580 369 2641 ponit
381 2579 494 2627 fecunda
506 2580 533 2627 in
546 2587 622 2642 gente
634 2579 749 2628 Meneni.

125 2666 255 2730 ‘Iuppiten
270 2668 383 2729 ingentis
397 2669 441 2731 qui
454 2669 500 2717 das
513 2668 655 2731 adimisque
668 2668 791 2727 dolores‚¹
