1917 3117
409 220 499 257 rmus
512 220 543 256 11.
784 215 838 266 329

46 386 97 425 000
113 391 178 425 neve
191 378 260 424 seror
271 392 367 439 magna
379 391 413 424 en
426 391 514 439 parva,
529 375 597 424 ferar
609 391 675 423 unns
689 386 714 425 et
725 378 802 426 idem.

113 480 167 512 non
182 465 282 527 agimur
294 466 396 514 tumidis
409 464 471 513 velis
485 465 606 527 aquilone
619 465 741 524 secundo,

113 568 167 602 non
179 561 266 601 temen
278 554 390 602 adversis
403 560 514 602 aetatem
531 553 646 600 ducimus
659 554 759 612 austris,

112 642 215 699 viribus,
230 642 345 704 ingenie,
361 643 455 705 specie,
471 643 571 700 virtute,
586 642 654 700 loco,
670 655 698 689 re

114 731 220 779 extremi
233 731 381 794 primorum,
398 731 517 779 extremis
531 745 612 793 usque
625 731 733 793 priores.

47 827 98 867 205
112 833 165 867 non
179 833 205 866 es
219 833 323 867 areum:
339 820 390 867 abi.
419 820 498 881 quid?
517 827 602 868 cetera
614 821 665 866 iam
679 818 753 866 simul
766 818 816 865 isto

114 922 171 954 cum
183 907 243 955 vitio
256 907 362 970 sugere?
375 914 445 955 caret
455 908 501 957 tibi
514 916 601 971 pectus
614 907 686 954 inani

113 995 271 1044 ambitione?
284 1003 354 1043 curet
367 996 457 1043 mortis
470 996 609 1044 formidine
622 1003 648 1043 et
659 993 715 1042 ira?

114 1082 223 1141 somnia,
239 1091 349 1131 terrores
362 1084 488 1144 magicos,
503 1085 635 1142 miracula,
652 1097 737 1145 sagas,

113 1179 254 1219 nocturnos
268 1171 376 1219 lemures
390 1179 561 1235 portentaque
573 1172 699 1220 Thessala
711 1170 799 1219 rides?

45 1268 98 1317 21⁰
113 1258 207 1307 natalis
220 1266 292 1320 grate
304 1258 440 1307 numerus?
452 1260 567 1321 ignoscis
581 1260 686 1308 amicis?

52 1355 55 1359 ’
113 1348 198 1397 lenior
210 1353 236 1394 et
249 1348 339 1396 melior
351 1348 381 1396 fis
396 1349 534 1397 accedente
547 1349 668 1397 senecta?

115 1437 175 1499 quid
188 1443 213 1484 00
225 1443 345 1499 exempta
357 1438 424 1485 levet
436 1437 516 1500 spinis
530 1438 562 1484 de
575 1438 689 1500 pluribus
701 1436 770 1484 una?

115 1525 197 1573 vivere
210 1525 231 1572 si
244 1534 312 1574 recte
325 1526 418 1585 nescis,
434 1526 532 1574 decede
544 1526 640 1589 perin's.

116 1613 198 1662 lusisti
211 1615 281 1673 setis,
297 1614 371 1662 edisti
384 1615 445 1662 satis
458 1622 534 1676 atque
548 1615 647 1662 bibisti:

48 1711 99 1752 215
115 1709 215 1765 tempus
229 1704 298 1750 abire
311 1702 356 1750 tibi
370 1710 416 1761 est,
432 1717 465 1751 ne
478 1711 567 1764 potum
580 1702 676 1764 largius
690 1716 773 1764 aequo

115 1791 197 1838 rideat
210 1798 235 1838 00
247 1791 331 1854 pulset
343 1790 438 1838 lasciva
451 1791 582 1838 decentius
596 1799 676 1838 00000.
