1917 3117
412 190 510 228 LIBER.

88 354 132 394 aut
143 346 221 394 amite
233 345 282 393 levi
295 360 353 394 rara
366 347 447 396 tendit
458 348 530 404 retia,

87 435 168 482 turdis
181 435 302 483 edacibus
316 436 400 495 dolos,

38 530 67 570 35
87 523 257 586 pavidumque
270 525 385 587 leporem
397 534 422 574 et
435 524 561 574 advenam
573 526 668 587 laqueo
681 540 771 588 gruem

86 612 200 660 iucunda
213 621 300 675 captat
313 614 435 677 praemia.
635 621 638 624 '

87 701 145 763 quis
158 716 213 749 non
225 703 359 762 malarum,
375 718 438 765 quas
452 717 524 751 amor
536 717 609 751 curas
623 703 709 763 habet,

86 790 151 838 haec
162 790 230 839 inter
242 791 415 839 obliviscitur?

87 879 148 941 quid
162 880 184 927 si
196 880 290 942 pudica
301 881 393 929 mulier
404 882 431 928 in
445 888 544 944 partem
556 882 624 929 iuvet

35 977 65 1016 tu
87 968 193 1016 domum
205 977 281 1031 atque
295 968 376 1018 dulcis
388 970 493 1028 liberos,

86 1056 187 1105 Sabina
199 1058 282 1119 qualis
296 1067 339 1106 uut
351 1067 455 1121 perusta
472 1058 569 1107 solibus

86 1147 197 1209 pernicis
210 1162 276 1195 uxor
287 1147 402 1210 Appuli?

87 1250 188 1283 sacrum
201 1236 305 1285 vetustis
319 1244 434 1285 exstruat
445 1236 523 1298 lignis
536 1236 623 1284 focum

86 1325 149 1373 lassi
162 1327 207 1373 sub
222 1326 359 1374 adventum
370 1325 425 1384 viri,

34 1422 64 1461 45
87 1413 261 1476 claudensque
273 1415 349 1464 textis
363 1414 473 1462 cratibus
492 1415 587 1463 laetum
599 1429 679 1478 pecus

87 1502 199 1550 distenta
211 1503 289 1552 siccet
301 1506 389 1562 ubera,

15 1657 16 1664 ἵ
87 1600 113 1641 et
126 1593 208 1640 horna
221 1593 289 1641 dulci
302 1594 361 1641 vina
373 1607 496 1655 promens
510 1594 579 1642 dolio

87 1681 167 1744 dapes
179 1681 305 1744 inemptas
319 1683 434 1744 adparet.

85 1786 140 1819 non
153 1785 194 1819 me
207 1771 318 1819 Lucrina
330 1771 439 1819 iuverint
451 1771 588 1831 conchylia

34 1870 64 1910 50
86 1860 198 1922 magisve
211 1860 332 1908 rhombus
346 1868 390 1908 aut
401 1860 476 1917 scari,

86 1951 108 1998 si
121 1964 187 2012 quos
199 1949 260 1998 Eois
272 1950 390 1997 intonata
402 1948 521 1997 fluctibus

84 2040 166 2089 hiems
180 2039 212 2086 ad
225 2039 275 2086 hoc
286 2046 368 2087 vertat
380 2051 459 2086 mare.

84 2145 140 2178 non
152 2128 217 2176 Afra
230 2128 282 2176 avis
296 2129 433 2176 descendat
444 2127 472 2174 in
485 2135 599 2175 ventrem
609 2141 706 2185 meum,

85 2234 140 2268 non
152 2226 257 2281 attagen
269 2217 371 2265 Ionicus

34 2317 64 2356 tt
84 2307 222 2356 iucundior
234 2321 310 2369 quam
323 2307 390 2354 lecta
403 2307 434 2354 de
447 2305 622 2369 pinguissimis

85 2398 154 2445 oliva
166 2396 242 2444 ramis
256 2396 386 2455 arborum,

84 2493 129 2535 aut
141 2485 221 2534 herba
233 2484 329 2546 lapathi
345 2492 420 2547 prata
432 2484 541 2533 amantis
554 2492 581 2533 et
592 2484 662 2548 gravi

84 2575 183 2622 malvae
197 2575 311 2622 salubres
325 2573 436 2636 corpori,

84 2665 125 2713 vel
138 2678 206 2726 agna
218 2663 289 2711 lestis
302 2677 379 2711 caesa
391 2663 580 2723 terminalibus,
