1917 3117
419 180 508 219 LIBER
521 180 553 217 11.
799 176 850 225 263

124 336 237 399 inposita
249 335 318 383 hand
331 340 453 399 uinquam
464 338 560 387 misere
572 336 709 385 formidine
721 337 820 398 privet?

124 425 191 473 adde
205 439 290 488 super,
306 424 379 473 dictis
392 426 461 487 quod
474 439 528 473 non
541 425 621 473 levius
633 425 733 473 valeat:
748 440 817 484 nam,

124 513 177 561 sive
189 513 296 563 vicarius
309 521 348 561 eet
360 514 404 576 qui
417 529 490 563 servo
503 521 585 577 paret,
600 514 636 561 uti
652 528 708 561 mos

78 610 109 651 80
125 609 206 651 vester
218 602 261 661 ait,
276 616 322 650 seu
334 616 480 661 conservus,
491 602 537 650 tibi
550 601 610 663 quid
622 616 679 648 sum
690 601 756 664 ego?
770 615 862 664 nempe

123 697 160 749 tu,
175 690 237 737 mihi
250 690 294 752 qni
306 691 447 753 imperitae,
463 691 520 739 aliis
534 691 612 738 servis
625 690 702 738 miser
714 699 791 752 atque

125 778 224 826 duceris
237 785 266 826 ut
278 780 361 827 nemis
373 780 464 828 alienis
477 779 574 827 mobile
585 779 693 840 lignum.

125 867 245 928 quisnam
256 866 334 928 igitur
346 868 427 916 liber?
440 868 553 930 sapiens,
569 867 617 915 sibi
630 867 672 929 qui
684 866 847 930 imperiosus,

125 968 202 1016 quem
221 968 305 1016 neque
323 956 457 1019 pauperies
476 970 561 1018 neque
578 969 648 1002 mors
664 969 748 1017 ncque
761 954 863 1002 vincula

486 1051 591 1102 terrent,

78 1139 109 1180 85
125 1145 277 1194 responsare
291 1131 462 1197 cupidinibus,
477 1139 642 1181 contemnere
655 1132 767 1180 honores

124 1219 207 1278 fortis,
224 1228 248 1268 et
260 1219 286 1269 in
301 1234 327 1268 se
340 1219 397 1282 ipso
410 1227 478 1268 totus
492 1228 558 1269 teres
571 1228 648 1282 atque
661 1220 795 1277 rotundus,

126 1309 226 1358 externi
239 1308 334 1371 nequid
348 1309 432 1357 valeat
444 1323 492 1372 per
504 1310 560 1358 leve
572 1309 675 1368 morari,

122 1397 151 1445 in
164 1412 240 1459 quem
251 1412 344 1446 manca
356 1397 406 1446 ruit
418 1413 520 1461 semper
532 1398 645 1446 fortuna.
673 1406 782 1461 potesne

123 1500 157 1534 ex
168 1485 207 1532 his
222 1495 248 1534 nt
261 1487 393 1550 proprium
406 1487 466 1549 quid
480 1487 607 1536 noscere?
627 1487 740 1548 quinque
752 1485 849 1534 talenta

76 1581 108 1623 90
124 1575 208 1636 poscit
219 1583 244 1623 te
256 1574 355 1634 mulier,
370 1583 445 1623 vexat
461 1575 611 1637 foribusque
624 1575 756 1637 repulsum

123 1660 255 1723 perfundit
267 1663 362 1723 gelida,
377 1676 463 1710 rursus
475 1670 559 1711 vocat.
588 1663 657 1725 eripe
669 1662 737 1724 turpi

124 1748 193 1796 eolla
204 1749 274 1810 iugo,
289 1749 380 1807 “libem
395 1750 460 1799 liber
472 1751 545 1798 sum''
558 1750 598 1797 dic
612 1764 669 1811 age.
696 1764 749 1797 non
763 1750 835 1812 quis:

123 1846 214 1900 urguet
226 1839 294 1886 enim
307 1839 425 1886 dominus
437 1847 549 1887 mentem
562 1853 614 1886 non
628 1839 692 1887 lenis
706 1847 731 1886 et
744 1840 809 1886 acris

123 1926 249 1975 subiectat
260 1927 330 1974 lasso
343 1926 460 1973 stimulos
472 1932 606 1988 versatque
619 1935 763 1987 negantem.

76 2025 108 2066 95
123 2015 164 2063 vel
177 2030 236 2063 cum
249 2015 373 2062 Pausiaca
385 2022 482 2078 torpes,
497 2015 597 2072 insane,
613 2014 717 2072 tabella,

123 2105 167 2166 qui
180 2117 272 2166 peccas
284 2104 367 2151 minus
381 2111 458 2165 atque
472 2117 529 2165 ego,
544 2117 602 2150 cum
615 2102 687 2149 Fulvi
692 2102 861 2164 Rutubaeque

122 2200 165 2240 aut
178 2192 337 2241 Placideiani
349 2200 473 2240 contento
488 2191 587 2255 poplite
599 2192 678 2239 miror

124 2282 222 2344 proelia
234 2281 336 2330 rubrica
348 2282 417 2345 picta
429 2289 473 2329 aut
487 2282 607 2339 carbone,
622 2281 691 2328 velut
703 2280 723 2327 si

122 2384 150 2418 re
163 2384 221 2420 vera
233 2380 358 2434 pugnent,
374 2370 475 2430 feriant,
492 2371 622 2432 vitentque
633 2377 766 2417 moventes

59 2465 107 2508 too
122 2474 194 2507 arma
206 2460 269 2508 viri?
282 2475 395 2523 nequam
409 2468 435 2509 et
448 2468 563 2508 cessator
575 2458 678 2506 Davus:
700 2471 727 2506 at
739 2459 795 2521 ipse

123 2548 221 2596 subtilis
234 2556 347 2597 veterum
358 2549 437 2598 iudex
449 2557 474 2598 et
487 2549 595 2597 callidus
609 2548 692 2596 audis.

108 2620 157 2683 *nii
172 2651 229 2699 ego,
245 2636 266 2684 si
281 2637 361 2686 ducor
374 2637 426 2686 libo
440 2637 571 2686 fumante:
593 2637 639 2687 tibi
651 2637 743 2699 ingens
