1917 3117
390 236 479 274 muns
492 236 524 273 11.
767 231 818 281 233

48 401 79 442 80
95 393 217 442 secedent
227 393 299 451 anni,
315 401 340 442 et
352 393 454 441 tractari
467 391 571 440 mollius
588 401 659 440 aetas

93 482 215 530 inbecilla
226 482 309 530 volet:
330 482 376 530 tibi
389 481 512 544 quidnam
524 481 629 529 accedet
641 481 673 527 ad
685 482 768 539 istem7

95 586 172 634 quem
184 585 247 633 puer
260 578 285 619 et
296 569 394 617 validus
407 568 559 632 praesumis,
573 569 716 627 mollitiem,
732 584 777 618 seu

95 661 158 708 dura
169 659 290 708 valetudo
302 658 427 717 inciderit,
443 672 490 705 seu
501 658 575 705 tarda
587 658 724 706 senectus?

93 748 226 796 rancidum
238 762 329 810 aprum
339 747 438 809 antiqui
446 745 595 805 laudabant,
610 761 663 794 non
675 747 818 809 quiunasus

46 846 78 886 90
93 836 145 884 illis
158 836 243 884 nuilus
255 845 318 893 erat,
328 835 381 893 sed,
392 835 477 894 credo,
487 836 535 883 hac
542 844 635 892 mente,
645 835 714 898 quod
725 835 819 897 hospes

94 924 191 973 tardius
203 924 341 973 adveniens
353 924 467 971 vitiatum
479 924 639 972 commodius
647 939 724 986 qnam

94 1015 222 1076 integrum
228 1012 295 1061 edax
306 1013 424 1060 dominus
431 1020 603 1061 consumeret.
618 1012 844 1061 hosutinsminter

94 1103 185 1151 heroes
199 1109 288 1150 natum
300 1102 377 1151 telins
389 1116 430 1150 me
443 1102 525 1164 prima
537 1102 645 1151 tulisset.

94 1191 139 1239 das
153 1190 249 1253 aliquid
263 1189 355 1249 famae,
371 1205 436 1253 quae
455 1191 567 1239 carmine
579 1191 677 1252 gratior
690 1204 778 1237 aurem

45 1291 78 1329 05
95 1287 202 1341 occupet
213 1279 368 1327 humanam?
387 1280 498 1342 grandes
511 1279 611 1327 rhombi
624 1278 778 1342 patinaeque

95 1368 191 1431 grande
204 1368 291 1417 ferunt
302 1382 355 1415 una
367 1383 424 1415 cum
437 1369 531 1415 damno
545 1368 670 1415 dedecus:
693 1366 758 1415 adde

92 1457 185 1505 iratum
197 1464 323 1518 patruum,
339 1457 445 1515 vicinos,
459 1463 485 1503 te
498 1456 543 1504 tibi
556 1455 672 1517 iniquum

94 1554 118 1594 et
130 1545 224 1593 frustra
237 1545 325 1593 mortis
339 1545 467 1607 cupidum,
484 1559 541 1591 cum
554 1544 634 1593 deerit
646 1542 731 1607 egenti

93 1649 131 1691 ss,
147 1634 233 1695 laquei
245 1632 362 1694 pretium.
389 1632 461 1680 ‘iure'
472 1631 556 1694 inquit
567 1630 698 1680 ⁰l'rausins
709 1632 764 1680 istis

23 1732 77 1773 100
93 1723 207 1783 iurgatur
219 1720 317 1768 verbis:
340 1734 388 1781 ego
401 1720 534 1782 vectigalia
552 1735 647 1782 magna

93 1808 244 1870 divitiasque
256 1807 339 1855 habeo
353 1808 431 1856 tribus
444 1809 544 1871 amplas
556 1809 680 1870 regibus'
703 1824 764 1871 ergo

93 1897 162 1961 quod
176 1902 280 1958 superat
292 1910 344 1943 non
358 1903 397 1943 est
408 1896 499 1945 melius
521 1912 572 1959 quo
584 1898 711 1946 insumere
723 1899 824 1961 possis?

92 2001 138 2034 eur
150 1993 208 2048 eget
219 1984 342 2046 indignus
357 1985 501 2047 quisquam,
517 1994 542 2033 te
555 1985 647 2034 divite?
669 2000 746 2048 quare

93 2075 190 2137 templa
203 2082 279 2122 ruunt
292 2074 397 2136 antiqua
410 2073 504 2122 deum?
524 2089 576 2132 cur,
593 2073 710 2136 inprobe,
726 2089 799 2123 carae

25 2174 77 2214 105
92 2178 146 2211 non
159 2163 255 2226 aliquid
270 2162 367 2225 patriae
380 2170 451 2210 tanto
465 2163 575 2211 emetiris
589 2163 698 2211 acervo?

91 2249 136 2298 uni
149 2250 268 2299 nimirum
281 2259 349 2300 recte
362 2252 408 2299 tibi
421 2265 523 2314 semper
535 2259 610 2299 erunt
622 2266 672 2310 res,

93 2354 108 2387 ο
122 2354 230 2402 magnus
244 2340 353 2403 posthac
366 2340 475 2388 inimicis
494 2341 569 2389 risus.
597 2348 687 2389 uterne

92 2428 124 2474 od
139 2441 211 2475 cesus
225 2429 317 2478 dubios
331 2430 391 2478 fidet
404 2430 452 2477 sibi
466 2429 576 2477 certius?
588 2430 630 2477 hie
644 2429 686 2491 qui

92 2516 206 2580 pluribus
219 2519 331 2567 adsuerit
343 2528 455 2567 mentem
470 2533 615 2581 corpusque
627 2519 773 2580 superbum,

21 2618 34 2657 1
47 2614 76 2655 10
92 2621 126 2653 an
139 2607 182 2669 qui
195 2616 331 2656 contentus
344 2622 422 2671 parvo
436 2616 603 2671 metuensque
616 2607 694 2655 futuri

91 2695 118 2742 in
133 2709 205 2757 pace,
220 2705 248 2745 ut
260 2697 372 2759 sapiens,
388 2697 482 2760 aptarit
495 2696 590 2745 idonee
604 2697 691 2746 bello?
