1917 3117
377 207 467 246 LIBER
479 208 501 245 1.

33 373 64 412 75
78 365 236 414 adversarius
250 373 276 413 ct
287 365 347 427 ‘quo
360 371 388 413 tu
400 355 569 426 turpissime?
586 379 680 426 magna

78 454 200 502 inclamat
212 467 284 512 voce,
299 461 325 501 ct
336 454 405 502 ‘licet
417 454 541 501 antestari
548 453 568 500 ?'
586 467 634 515 ego
649 468 708 501 vero

78 543 183 604 adpone
196 542 346 590 auriculam.
368 542 435 604 repit
447 541 474 589 in
487 541 540 588 ius:
556 542 654 589 clamer
664 542 800 604 utrimque,

78 632 191 693 undiquc
205 645 354 679 concursus.
382 631 419 678 sic
431 643 472 678 me
486 631 593 679 servavit
605 631 713 693 Apollo.

363 816 521 823 —-—--—

423 1001 457 1048 X.

81 1162 185 1227 [Lucili‚
202 1175 278 1223 quem
290 1161 326 1209 sie
338 1161 488 1219 mendosus,
503 1168 568 1209 teste
582 1160 680 1209 Catone

81 1249 217 1298 defensore
229 1259 272 1297 tuo
286 1250 440 1312 pervincum,
456 1250 500 1311 qui
512 1249 579 1297 mele
592 1248 674 1298 factos

81 1338 218 1387 emendare
230 1347 305 1400 peret
315 1351 411 1396 versus,
426 1337 476 1386 hoc
489 1338 572 1385 lenius
590 1338 643 1395 ille,

80 1442 132 1489 quo
146 1427 236 1474 melior
248 1426 286 1475 vir
297 1433 323 1475 et
335 1436 373 1476 est
385 1427 462 1488 longe
475 1427 594 1475 subtilior
605 1427 652 1475 illo

52 1527 65 1564 t
81 1515 125 1577 qui
137 1516 246 1564 muitum
259 1530 321 1577 puer
334 1525 359 1564 et
372 1516 433 1563 loris
447 1523 472 1563 et
484 1515 588 1564 funibus
600 1516 657 1564 udis

81 1604 240 1662 exhortatus,
255 1611 283 1651 ut
296 1612 363 1652 esset
375 1618 452 1667 opem
464 1604 509 1665 qui
520 1605 586 1652 serre
599 1606 681 1666 poetis

83 1692 194 1753 antiquie
207 1698 296 1753 posset
307 1699 397 1739 contre
409 1692 513 1739 fastidia
525 1700 622 1751 nostra,

82 1779 305 1844 grammaticorum
324 1779 437 1840 equitum
455 1780 624 1828 doctissimus.
657 1790 685 1829 ut
703 1783 807 1832 redeam

443 1866 528 1929 illuc]
597 1905 599 1908 .

82 1957 182 2019 Nempe
193 1954 357 2018 inconposito
370 1955 423 2003 dixi
436 1956 502 2017 pede
515 1970 614 2005 currere
627 1972 713 2005 versus

84 2045 177 2094 Lucili.
206 2044 263 2107 quis
276 2051 328 2092 tem
340 2044 424 2092 Lucili
442 2044 527 2092 fautor
538 2045 658 2107 ineptest‚

84 2143 177 2182 utnon
190 2133 240 2181 hoc
252 2132 377 2182 fateatur?
390 2140 417 2181 at
428 2132 505 2190 idem,
521 2133 590 2195 quod
604 2134 659 2180 saie
670 2135 751 2182 multo

85 2224 173 2270 urbem
188 2221 312 2279 defricuit,
330 2220 417 2269 charta
429 2221 548 2269 laudatur
561 2223 658 2270 eudem.

55 2324 134 2362 tuec
151 2320 237 2359 minen
255 2310 304 2357 hoc
322 2309 436 2358 tribuens
450 2311 566 2360 deden'm
583 2325 687 2374 quoque
706 2318 805 2360 cetera:

59 2395 63 2402 '
227 2465 229 2468 ι
445 2414 506 2448 num
518 2401 554 2448 sic

85 2496 111 2537 et
124 2488 218 2536 Laberi
229 2487 323 2535 mimos
334 2495 362 2534 ut
374 2487 482 2549 pulchra
495 2497 615 2550 poemate
627 2488 712 2537 mirer.

86 2590 147 2638 crgo
161 2590 213 2624 nen
227 2575 288 2623 satie
303 2581 342 2623 est
353 2575 406 2623 risu
418 2576 537 2625 diducere
550 2578 639 2625 rictum

85 2664 223 2713 auditoris:
239 2665 442 2726 etestquaedem
453 2673 540 2715 tamen
548 2666 589 2715 hic
601 2681 703 2728 quoque
715 2666 805 2715 virt-ue:
