1917 3117
415 216 537 253 tranat.
792 214 844 264 211

118 380 322 434 concurrantque
334 371 392 419 foro
406 372 455 420 tria
466 372 566 431 funera,
581 388 676 435 magna
688 374 792 422 sonabit

118 460 529 524 cornuaquodvincatquatubas:
545 462 636 509 saltem
643 463 845 511 tenethocnos.'

73 559 103 599 45
119 565 188 598 nunc
201 551 233 597 ad
246 565 287 598 me
299 550 378 597 redeo
392 550 511 597 libertino
528 558 599 612 patre
612 558 710 611 natum,

120 652 195 701 quem
208 639 301 686 rodunt
313 652 403 686 omnes
417 638 538 686 libertino
552 646 734 700 patrenatnm,

115 742 183 775 nunc
196 728 257 790 quia
269 741 325 774 sum
337 726 391 784 tibi,
405 727 553 785 Maecenas,
568 727 709 786 convictor,
719 734 745 774 at
756 728 819 775 oiim

119 815 189 877 quod
201 815 264 863 mihi
277 822 379 877 pareret
391 815 459 876 legio
473 814 590 862 Romana
602 815 715 863 tribuno.

119 904 241 952 dissimile
254 904 303 951 hoc
315 904 353 951 illi
366 910 420 960 est3
436 904 497 965 quia
509 919 572 962 non,
587 912 615 952 ut
626 904 700 951 forsit
713 904 838 951 honorem

74 1001 104 1041 55
119 993 174 1041 iure
186 992 247 1039 mihi
259 992 474 1054 invideatquivis,
489 992 563 1040 itate
577 1007 679 1055 quoque
692 993 811 1051 amicum,

119 1081 267 1143 praesertim
280 1089 382 1129 cautum
396 1081 489 1142 dignos
503 1080 645 1139 adsumere,
661 1095 740 1142 prava
782 1100 785 1108 ¹

123 1170 261 1217 ambitione
273 1170 372 1231 procul.
400 1169 503 1217 felicem
517 1169 601 1217 dicere
614 1182 667 1216 non
681 1168 731 1216 hoc

118 1272 159 1305 mc
172 1257 277 1319 possim,
293 1271 354 1305 casu
366 1259 436 1319 quud
453 1264 478 1305 te
491 1258 597 1305 sortitus
608 1256 733 1304 enricum:

119 1343 189 1392 nulla
202 1345 295 1394 etenim
308 1346 369 1393 mihi
381 1355 407 1394 te
419 1345 474 1394 fors
488 1346 596 1405 obtulit;
618 1345 729 1407 optimus
743 1344 807 1392 olim

76 1441 106 1481 55
121 1433 259 1496 Vergilius,
275 1435 413 1497 posthunc
426 1435 518 1482 Varius
533 1434 621 1481 dixere
634 1433 694 1495 quid
707 1447 808 1481 essemr

118 1531 146 1571 ut
157 1524 215 1571 veni
228 1537 324 1581 coram,
341 1523 472 1584 singultim
485 1538 568 1585 pauca
581 1523 689 1570 locutus

120 1611 218 1669 (infans
231 1625 342 1673 namque
356 1612 440 1674 pudor
453 1611 605 1673 prohibebat
617 1611 692 1673 plura
704 1609 816 1673 profari)

120 1714 173 1747 non
186 1713 235 1760 ego
248 1713 289 1746 me
301 1699 372 1746 claro
386 1707 475 1746 natum
491 1708 572 1761 patre,
588 1714 642 1748 non
656 1713 705 1761 ego
719 1700 815 1747 circum

118 1801 160 1834 me
174 1786 328 1835 Satureiano
342 1787 436 1835 vectari
448 1802 508 1835 rura
521 1788 633 1845 caballo,

73 1884 104 1925 60
119 1876 165 1924 sed
178 1876 248 1937 quod
262 1888 331 1923 eram
342 1889 429 1923 narro.
451 1875 603 1937 respondes,
618 1884 647 1923 ut
658 1883 715 1924 tuus
729 1884 768 1924 est
774 1890 841 1933 mos,

119 1979 214 2028 panes:
231 1964 310 2011 abeo:
327 1971 352 2011 et
364 1977 469 2011 revocas
481 1978 553 2012 nono
561 1971 714 2025 postmense
720 1964 844 2025 iubesque

119 2068 175 2102 esse
188 2055 215 2101 in
223 2053 486 2100 amicorumnumcro.
507 2066 629 2112 magnum
642 2051 691 2099 hoc
703 2065 752 2113 ego
765 2052 842 2110 duco,

120 2143 189 2205 quod
203 2142 289 2205 placui
296 2141 356 2200 tibi,
374 2140 417 2203 qui
430 2140 497 2203 turpi
510 2139 623 2187 secernis
636 2140 781 2197 honestum,

118 2246 172 2279 non
184 2238 256 2293 patre
270 2231 412 2293 praeclaro,
429 2229 474 2277 ssd
488 2229 539 2276 vita
553 2236 578 2276 st
591 2237 695 2290 pectore
708 2241 784 2291 puro.

73 2327 104 2366 55
119 2321 189 2382 atqui
202 2320 223 2367 si
236 2320 302 2367 vitiis
314 2318 487 2368 mediocribus
500 2332 530 2365 ac
542 2331 601 2365 mea
614 2318 703 2380 paucis

118 2409 244 2456 mendosa
256 2416 408 2465 estnatusa,
424 2408 522 2469 alioqui
534 2403 613 2465 recia,
629 2406 698 2453 velut
710 2404 731 2452 si

119 2496 223 2559 egregio
237 2496 368 2558 inspersos
377 2496 520 2558 reprendas
538 2508 648 2556 corpore
661 2506 764 2552 naevos,

120 2585 141 2631 si
154 2600 239 2648 neque
253 2585 385 2633 avaritiam
397 2598 482 2647 neque
495 2584 577 2631 sordis
591 2597 639 2631 nec
651 2582 720 2630 mula
732 2582 814 2630 lustra

120 2672 214 2722 obiciet
226 2688 285 2721 vere
299 2675 433 2737 quisquam
445 2673 515 2732 mihi,
531 2687 609 2735 purus
623 2679 648 2719 et
660 2671 759 2729 insons,

648 2778 696 2825 14⁹
