1917 3117
131 234 167 285 90
423 238 588 277 culturum

131 404 215 444 motus
229 396 314 445 doceri
327 396 422 459 gaudet
432 396 536 445 Ionicos

132 493 230 534 matura
242 486 314 547 virgo
327 493 353 533 et
365 486 470 548 fingitur
481 486 578 534 artibus

132 573 183 622 iam
195 587 265 621 nune
278 582 304 622 et
314 574 426 623 incestos
439 589 539 624 amores

133 663 164 711 de
177 671 267 712 tenero
279 663 416 712 meditatur
428 664 522 727 ungui:

81 813 111 854 25
132 820 194 854 mox
205 806 319 855 iuniores
332 806 431 869 quaerit
443 805 573 856 adulteros

130 896 198 944 inter
209 895 294 943 mariti
306 896 373 954 vina,
390 908 474 958 neque
491 897 561 960 eligit

132 984 172 1033 cui
186 985 264 1033 donet
275 985 428 1047 inpermissa
440 984 532 1048 raptim

132 1075 226 1137 gaudia
238 1074 378 1122 luminibus
391 1075 504 1132 remotis,

133 1215 178 1264 sed
191 1216 261 1264 iussa
274 1230 363 1263 eoram
375 1231 430 1264 non
443 1217 498 1265 sine
510 1217 614 1265 conscio

11 1337 12 1342 =
82 1314 113 1355 30
134 1307 215 1369 surgit
226 1305 328 1365 marito,
344 1319 389 1353 seu
402 1313 476 1354 rooat
488 1306 591 1354 institor

133 1409 177 1443 seu
190 1394 261 1443 naris
274 1394 405 1457 Hispanae
417 1395 546 1457 magister,

127 1484 281 1534 dedecorum
293 1483 419 1547 pretiosus
433 1495 541 1548 emptor.

133 1640 187 1674 non
200 1626 240 1674 his
252 1626 370 1674 inventus
384 1633 441 1675 orta
452 1628 601 1690 parentibus

132 1715 221 1764 infecit
233 1729 331 1778 aequor
343 1716 468 1777 sanguine
480 1716 588 1776 Punico,

13 1799 14 1804 ’
81 1813 111 1854 35
133 1805 308 1867 Pyrrhumque
321 1813 346 1852 et
358 1805 490 1867 ingentem
503 1806 594 1854 cecidit

131 1893 287 1942 Antiochum
300 1893 525 1957 Hannibalemque
538 1895 632 1955 dimm;

132 2037 177 2085 sed
190 2036 342 2084 rusticorum
355 2037 470 2085 masculo
482 2038 590 2086 militurn

131 2127 227 2189 proles,
242 2124 354 2174 Sabellis
368 2125 444 2175 docta
456 2126 585 2189 ligonibus

131 2230 231 2266 versare
244 2215 350 2278 glaebas
365 2223 390 2263 et
402 2229 506 2264 severae

80 2313 111 2354 lo
131 2305 219 2354 matris
232 2305 264 2352 ad
278 2303 409 2353 arbitrium
422 2305 518 2354 recisos

131 2452 233 2510 portare
246 2445 328 2507 fustis,
344 2449 383 2496 sol
394 2448 438 2496 ubi
452 2448 578 2498 montium

131 2542 239 2582 mutaret
251 2537 354 2585 umbras
368 2543 392 2586 et
402 2537 464 2599 iuga
477 2538 589 2587 demeret

132 2624 214 2671 bobus
227 2623 347 2686 fatigatis,
365 2625 474 2673 amioum

131 2717 232 2773 tempus
245 2726 325 2774 agens
338 2713 447 2762 abeunte
460 2728 544 2762 curru
