1917 3117
107 165 161 215 340
405 167 446 203 nu
458 166 538 203 nm

108 323 194 372 litibus
206 323 373 387 implicitum
392 322 514 380 mirabor,
529 321 552 368 si
564 321 628 370 sciet
638 321 705 369 inter

44 420 94 460 425
107 426 215 461 noscere
227 412 378 461 mendacem
389 424 528 472 verumque
540 411 630 458 beatus
642 410 763 458 amicum.

107 508 136 548 tu
148 514 194 549 seu
207 501 311 548 donaris
323 513 371 548 seu
383 499 444 562 quid
458 498 556 546 donare
568 497 639 547 voles
652 497 702 556 cni,

108 588 190 636 nolito
203 589 236 636 ad
249 602 336 637 versus
349 586 397 635 tibi
409 587 493 635 iactos
506 588 599 635 ducere
611 587 717 648 plenum

108 676 236 725 laetitiae:
258 676 379 724 clamabit
392 675 461 723 enim
473 675 599 738 pulchre,
616 676 692 733 bena,
706 676 798 734 recte‚'

80 811 83 816 .
109 765 234 828 pallescet
245 779 323 828 super
335 764 385 824 his,
402 764 478 812 etium
491 763 597 812 stillabit
611 763 699 811 amicis

45 861 94 902 434
109 868 143 902 ex
154 853 236 901 oculis
249 867 343 912 rorem,
358 853 441 912 saliet,
454 853 547 900 tundet
558 853 625 915 pedo
636 860 739 900 terrum.

108 948 137 990 ut
149 941 193 1004 qui
205 941 324 990 conducti
336 942 440 1004 plorant
451 941 479 988 in
491 939 591 999 funere,
606 940 694 988 dicunt

111 1038 136 1078 et
149 1028 247 1078 faciunt
259 1043 340 1093 prope
352 1030 428 1091 plura
440 1028 588 1077 dolentibus
601 1043 635 1076 ex
647 1029 743 1088 animo,
759 1029 797 1077 sic

110 1118 209 1167 derisor
220 1133 279 1167 vero
292 1118 350 1180 plus
363 1117 497 1166 laudatore
509 1124 634 1166 movetur.

109 1221 183 1269 reges
196 1207 315 1254 dicuntur
326 1205 414 1254 multis
426 1220 536 1268 urguere
550 1206 653 1254 culullis

45 1303 95 1344 435
114 1303 140 1343 et
151 1302 272 1357 torquere
284 1308 355 1343 mero
369 1308 447 1357 quem
458 1295 621 1356 perspexisse
633 1295 764 1353 laborant,

109 1398 144 1432 cn
156 1384 190 1432 sit
202 1383 313 1431 amicitia
326 1382 434 1445 dignus:
455 1383 477 1431 si
490 1383 605 1431 carmina
616 1383 722 1443 condes,

109 1485 250 1535 numquam
262 1478 287 1519 te
299 1470 392 1519 fallant
404 1472 482 1519 animi
494 1472 541 1520 sub
554 1472 631 1534 volpe
643 1472 765 1521 latentes.

110 1558 235 1620 Quintilio
248 1559 333 1621 siquid
345 1560 475 1620 recitares,
491 1559 600 1622 ‘corrige
612 1560 689 1608 sodes

111 1648 170 1695 hoc²
181 1647 267 1696 ciebat
278 1647 313 1696 ‘et
324 1648 396 1696 hoc.²
419 1648 510 1697 melius
523 1657 548 1697 te
561 1663 639 1711 posse
651 1662 761 1711 negares

46 1743 95 1784 440
112 1735 150 1784 bis
163 1743 253 1799 terque
266 1744 398 1799 expertum
410 1736 514 1795 frustra,
530 1737 615 1786 delere
628 1737 733 1785 iubebat

110 1835 135 1873 et
146 1826 214 1873 male
226 1833 342 1874 tornatos
355 1825 444 1873 incudi
456 1825 565 1873 reddere
576 1839 674 1873 versus.

109 1912 131 1960 si
144 1912 281 1962 defendere
294 1914 415 1962 delictum
428 1928 506 1976 quam
517 1920 615 1962 vertere
627 1913 727 1972 malles,

109 2001 208 2050 nullum
214 2002 283 2050 ultra
292 2002 448 2050 verbumaut
455 2016 561 2064 operam
569 2001 837 2060 insumebatinuuem,

110 2088 172 2150 quin
185 2089 240 2138 sine
252 2090 324 2139 rivali
338 2098 415 2153 teque
429 2098 455 2138 et
467 2098 512 2138 tua
524 2091 595 2139 aolus
608 2105 718 2138 amares.

45 2184 94 2224 445
108 2177 240 2224 virbonus
254 2185 279 2226 et
291 2179 403 2241 prudens
421 2193 509 2227 versus
522 2168 660 2242 reprendet
671 2179 771 2238 inertis,

110 2263 223 2328 culpabit
235 2266 322 2326 duros,
336 2267 475 2330 incomptis
489 2267 587 2316 adlinet
599 2276 682 2316 atrum

109 2360 255 2401 transverso
269 2355 369 2403 calamo
383 2356 494 2418 signum,
509 2355 646 2404 ambitiosa
658 2356 755 2404 recidet

110 2449 268 2499 ornaments,
284 2456 375 2504 parum
388 2444 464 2492 claris
477 2445 562 2493 lucem
575 2444 636 2492 dare
650 2451 734 2506 coget,

110 2532 200 2587 arguet
213 2528 332 2590 ambigue
345 2530 448 2590 dictum,
464 2532 587 2580 mutanda
599 2532 709 2590 notabit,

44 2619 94 2660 lto
109 2612 152 2660 liet
163 2613 340 2663 Aristarchus:
362 2632 416 2665 non
430 2619 498 2667 dicet
509 2620 563 2668 ‘cur
575 2634 624 2682 ego
637 2621 747 2669 amicum
