1917 3117
131 183 182 233 190
406 187 579 229 SATIRARUM

129 344 190 392 dum
202 345 282 393 vitant
294 346 365 394 stulti
378 345 445 404 vitia,
459 346 487 394 in
501 347 630 394 contraria
641 358 755 397 currunt.

82 441 113 481 25
127 433 269 482 Melthinus
282 434 374 483 tunicis
389 434 504 482 demissis
518 435 646 495 ambulat3
662 446 701 485 est
714 437 758 499 qui

126 522 224 585 inguen
237 523 269 569 ad
283 525 440 573 obseaenum
452 524 583 571 subductis
596 540 677 587 usque
690 525 796 573 facetus.

127 612 244 675 pastillos
257 612 365 661 Rufillus
379 613 440 671 olet,
457 611 603 675 Gargonius
616 613 724 661 hircum.

128 701 163 749 uil
176 701 287 749 medium
301 710 347 750 est.
375 709 435 749 sunt
447 701 491 763 qui
504 701 589 749 nolint
601 701 714 763 tetigisse
726 700 774 749 nisi
787 701 847 749 ilias

127 804 235 852 quarum
247 791 354 839 subsuta
365 790 432 837 talos
444 798 516 852 tegat
526 789 616 837 instita
629 798 713 837 veste:

82 885 111 926 30
127 885 217 925 contra
229 879 294 926 alius
307 878 406 926 nullam
418 878 466 925 nisi
480 878 560 925 olenti
571 878 600 925 in
613 878 713 926 fornice
726 887 845 926 stantem.

127 967 231 1029 quidam
244 974 321 1015 notus
334 966 412 1014 homo
426 980 486 1013 cum
499 966 580 1014 exiret
592 966 699 1023 fornice,
714 966 805 1016 ‘macte

126 1055 217 1104 virtute
230 1056 293 1104 esto'
304 1055 388 1118 inquit
401 1055 529 1103 sententia
542 1054 584 1101 dia
597 1053 718 1103 Catonis:

126 1143 195 1191 ‘uam
208 1143 282 1192 simul
295 1159 325 1192 ae
338 1158 416 1192 venas
428 1144 525 1192 inflavit
536 1152 618 1191 taetra
629 1142 719 1202 libido,

126 1231 175 1278 hue
187 1231 291 1281 iuvenes
305 1246 414 1295 aequum
427 1240 466 1281 cst
478 1233 641 1290 descendere,
657 1246 711 1280 non
724 1231 822 1280 alienas

81 1328 110 1368 35
127 1321 270 1382 permolere
282 1322 398 1368 uxores)
422 1321 512 1369 ‘nolim
528 1320 664 1369 laudarier’
675 1321 758 1383 inquit

125 1408 170 1455 ‘sic
183 1409 233 1457 me'
245 1409 350 1457 mirator
362 1408 439 1457 cunni
452 1407 611 1472 Cupiennius
625 1408 687 1457 eibi.

126 1496 213 1545 audire
227 1505 266 1545 est
278 1512 372 1560 operae
386 1499 503 1560 pretium,
520 1498 659 1561 procedere
671 1506 738 1547 recte

126 1585 169 1647 qui
182 1586 303 1634 moechos
315 1601 369 1634 non
382 1587 466 1645 voltis,
483 1595 510 1635 ut
523 1587 593 1634 omni
605 1595 677 1649 parte
689 1588 818 1648 laborant,

125 1683 202 1737 utque
213 1673 265 1723 illis
277 1676 357 1723 multo
371 1682 492 1737 corrupta
505 1676 595 1724 dolore
608 1676 726 1739 voluptas

78 1771 109 1811 40
124 1771 201 1826 atque
215 1764 279 1812 haec
292 1778 349 1812 rara
362 1764 437 1811 cadat
450 1763 513 1811 dura
525 1764 592 1812 inter
604 1778 681 1826 saepe
693 1766 799 1827 pericla.

123 1852 164 1900 hic
177 1867 205 1900 se
217 1852 381 1915 praecipitem
392 1860 461 1901 tecto
475 1852 559 1912 dedit;
579 1853 624 1901 ille
637 1853 745 1916 flagellis

123 1942 155 1988 ad
168 1949 278 1990 mortem
290 1931 395 2001 eaesus;¹
410 1940 512 2003 fugiens
526 1941 567 1989 hic
581 1941 676 1989 decidit
687 1956 772 1990 acrem

123 2030 282 2091 praedonum
288 2028 314 2077 in
319 2030 433 2089 turbam;
443 2030 610 2092 dedithicpro
618 2043 866 2093 corporenummos3

123 2117 191 2165 hunc
204 2119 396 2180 perminxerunt
408 2118 528 2178 calonem
544 2119 606 2181 quin
619 2119 695 2167 etiam
707 2118 772 2166 illud

76 2215 107 2256 ⁴5
122 2206 224 2265 accidit,
238 2216 266 2254 ut
278 2204 380 2254 cuidam
392 2205 464 2255 tastis
478 2206 640 2269 caudamque
652 2208 765 2256 salacem

122 2295 260 2344 demeteret
272 2296 375 2343 sermm.
403 2295 475 2343 ‘iure'
488 2309 593 2343 omnes:
610 2295 694 2343 Galba
706 2297 828 2358 negabat.

121 2385 199 2432 tutior
211 2391 237 2431 at
250 2392 346 2445 quanto
359 2398 432 2433 merx
444 2384 522 2432 estin
535 2385 616 2432 classe
629 2384 751 2443 secunda,

122 2472 296 2520 libertinarum
310 2473 381 2521 dico:
403 2471 540 2521 Sallustius
553 2473 580 2520 in
593 2487 657 2535 quas

121 2575 175 2607 non
188 2560 271 2608 minus
284 2560 379 2609 insanit
391 2576 468 2623 quam
481 2562 525 2624 qui
537 2561 695 2610 moechatur.
722 2568 748 2608 at
761 2561 802 2609 hic
815 2561 846 2620 si,

77 2656 107 2695 50
123 2662 173 2710 qua
185 2663 235 2708 res,
251 2662 302 2710 qua
314 2649 380 2697 ratio
393 2650 519 2709 suaderet,
535 2664 637 2712 quaque
654 2650 770 2698 modeste
