1917 3117
386 214 475 252 LIBER
487 213 508 250 1.

47 384 59 423 5
79 389 140 423 nam
152 388 198 421 eeu
209 372 347 421 mobilibus
363 370 445 433 vepris
458 370 584 418 inhorruit

80 463 112 511 ad
124 470 228 511 ventum
240 460 317 514 foliis,
332 474 377 508 seu
389 458 482 507 virides
495 460 585 507 rubum

80 552 209 599 dimovere
223 551 340 605 lacertae,

80 649 105 690 et
117 641 195 689 corde
208 646 232 687 et
244 639 350 701 genibus
363 637 456 685 tremit.

80 782 150 845 etqui
162 796 216 830 non
230 796 277 843 ego
290 789 315 829 te
328 780 400 842 tigris
413 787 441 828 ut
453 794 545 841 aspera

31 880 59 920 10
81 871 236 921 Gaetulusve
253 871 295 918 leo
311 870 429 931 frangere
442 881 592 931 persequor.

78 960 185 1009 tandem
197 959 284 1007 desine
296 966 402 1006 matrem

78 1048 229 1111 tempestiva
241 1047 315 1109 sequi
328 1048 390 1095 viro.

374 1232 533 1239 ——0—

400 1436 499 1484 XXIV.

83 1596 146 1658 Quis
159 1597 284 1646 desiderio
298 1596 330 1644 sit
342 1596 426 1659 pudor
438 1604 481 1644 aut
493 1597 584 1644 modus

80 1696 134 1737 tam
146 1686 198 1735 cari
211 1685 316 1749 eapitis?
335 1685 454 1748 praecipe
466 1685 581 1747 lugubris

81 1784 184 1835 cantus,
206 1776 384 1838 Melpomene,
406 1774 446 1821 oui
459 1774 583 1837 liquidnm
596 1783 671 1837 peter

81 1880 172 1913 vocem
184 1880 241 1912 cum
254 1864 350 1912 eithara
363 1863 441 1911 dedit.

47 2016 60 2056 5
82 2022 143 2070 ergo
158 2006 308 2066 Quintilium
321 2013 458 2068 perpetuus
471 2020 550 2068 sopor

81 2095 191 2159 urguet?
210 2095 251 2143 cul
264 2095 350 2144 Pudor
362 2103 388 2143 et
398 2094 512 2143 Iustitiae
525 2109 607 2154 soror,

81 2186 231 2248 incorrupta
242 2184 327 2243 Fides,
344 2183 465 2246 nudeque
477 2184 579 2232 Veritas

82 2275 186 2338 quando
199 2275 280 2322 ullum
292 2274 405 2321 inveniet
419 2275 520 2335 parem!

81 2418 167 2466 multis
180 2417 224 2465 ille
237 2416 311 2465 bonis
324 2416 415 2463 flebilis
428 2413 530 2473 occidit,

31 2515 61 2554 10
83 2506 148 2554 nulli
160 2505 271 2553 flebilior
284 2519 360 2570 quam
376 2504 430 2564 tibi,
445 2502 553 2565 Vergili.

80 2603 118 2655 tu,
134 2595 228 2643 frustra
240 2594 306 2657 pius,
321 2593 371 2642 lieu
383 2608 437 2642 non
449 2592 486 2640 ite
498 2592 623 2641 creditum

81 2684 168 2748 poscis
183 2681 334 2743 Quintilium
347 2682 418 2731 deos.
