<?xml version="1.0" encoding="UTF-8"?>
<!DOCTYPE html PUBLIC "-//W3C//DTD XHTML 1.0 Transitional//EN"
    "http://www.w3.org/TR/xhtml1/DTD/xhtml1-transitional.dtd">
<html xmlns="http://www.w3.org/1999/xhtml" xml:lang="en" lang="en">
 <head>
  <title>
</title>
<meta http-equiv="Content-Type" content="text/html;charset=utf-8" />
  <meta name='ocr-system' content='tesseract 3.04.00' />
  <meta name='ocr-capabilities' content='ocr_page ocr_carea ocr_par ocr_line ocrx_word'/>
</head>
<body>
  <div class='ocr_page' id='page_1' title='image "./opera00haupgoog_0103.png"; bbox 0 0 1917 3117; ppageno 0'>
   <div class='ocr_carea' id='block_1_1' title="bbox 381 224 531 266">
    <p class='ocr_par' dir='ltr' id='par_1_1' title="bbox 381 224 531 266">
     <span class='ocr_line' id='line_1_1' title="bbox 381 224 531 266; baseline 0.027 -4"><span class='ocrx_word' id='word_1_1' title='bbox 381 224 473 262; x_wconf 75' lang='lat' dir='ltr'><strong>um</strong></span> <span class='ocrx_word' id='word_1_2' title='bbox 487 225 531 266; x_wconf 82' lang='lat'>111.</span> 
     </span>
    </p>
   </div>
   <div class='ocr_carea' id='block_1_2' title="bbox 33 382 628 713">
    <p class='ocr_par' dir='ltr' id='par_1_2' title="bbox 84 382 628 447">
     <span class='ocr_line' id='line_1_2' title="bbox 84 382 628 447; baseline 0 -17"><span class='ocrx_word' id='word_1_3' title='bbox 84 382 160 431; x_wconf 81' lang='lat' dir='ltr'>dulce</span> <span class='ocrx_word' id='word_1_4' title='bbox 173 391 197 431; x_wconf 87' lang='lat' dir='ltr'><strong>et</strong></span> <span class='ocrx_word' id='word_1_5' title='bbox 209 382 330 432; x_wconf 81' lang='lat' dir='ltr'><strong>decorum</strong></span> <span class='ocrx_word' id='word_1_6' title='bbox 342 389 381 430; x_wconf 87' lang='lat' dir='ltr'><strong>est</strong></span> <span class='ocrx_word' id='word_1_7' title='bbox 393 397 440 446; x_wconf 90' lang='lat' dir='ltr'><strong>pro</strong></span> <span class='ocrx_word' id='word_1_8' title='bbox 452 383 537 447; x_wconf 85' lang='lat' dir='ltr'><strong>patria</strong></span> <span class='ocrx_word' id='word_1_9' title='bbox 548 383 628 431; x_wconf 80' lang='lat' dir='ltr'><strong>mori:</strong></span> 
     </span>
    </p>

    <p class='ocr_par' dir='ltr' id='par_1_3' title="bbox 33 470 596 624">
     <span class='ocr_line' id='line_1_3' title="bbox 83 470 596 534; baseline 0 -15"><span class='ocrx_word' id='word_1_10' title='bbox 83 485 153 519; x_wconf 88' lang='lat' dir='ltr'><strong>mors</strong></span> <span class='ocrx_word' id='word_1_11' title='bbox 166 479 192 518; x_wconf 92' lang='lat' dir='ltr'><strong>et</strong></span> <span class='ocrx_word' id='word_1_12' title='bbox 203 470 320 534; x_wconf 81' lang='lat' dir='ltr'><strong>fugacem</strong></span> <span class='ocrx_word' id='word_1_13' title='bbox 334 473 495 534; x_wconf 78' lang='lat' dir='ltr'>persequitur</span> <span class='ocrx_word' id='word_1_14' title='bbox 507 472 596 531; x_wconf 78' lang='lat' dir='ltr'><strong>virum,</strong></span> 
     </span>
     <span class='ocr_line' id='line_1_4' title="bbox 33 560 471 624; baseline 0 -16"><span class='ocrx_word' id='word_1_15' title='bbox 33 569 62 609; x_wconf 75' lang='lat' dir='ltr'><strong>tt</strong></span> <span class='ocrx_word' id='word_1_16' title='bbox 84 574 133 609; x_wconf 84' lang='lat' dir='ltr'><strong>nee</strong></span> <span class='ocrx_word' id='word_1_17' title='bbox 146 560 229 624; x_wconf 83' lang='lat' dir='ltr'><strong>parcit</strong></span> <span class='ocrx_word' id='word_1_18' title='bbox 240 560 342 609; x_wconf 83' lang='lat' dir='ltr'>inbellis</span> <span class='ocrx_word' id='word_1_19' title='bbox 355 560 471 608; x_wconf 87' lang='lat' dir='ltr'><strong>iuventae</strong></span> 
     </span>
    </p>

    <p class='ocr_par' dir='ltr' id='par_1_4' title="bbox 84 649 472 713">
     <span class='ocr_line' id='line_1_5' title="bbox 84 649 472 713; baseline -0.008 -15"><span class='ocrx_word' id='word_1_20' title='bbox 84 649 225 713; x_wconf 76' lang='lat' dir='ltr'><strong>poplitibus</strong></span> <span class='ocrx_word' id='word_1_21' title='bbox 237 650 378 711; x_wconf 89' lang='lat' dir='ltr'><strong>timidoque</strong></span> <span class='ocrx_word' id='word_1_22' title='bbox 390 658 472 711; x_wconf 85' lang='lat' dir='ltr'><strong>tergo.</strong></span> 
     </span>
    </p>
   </div>
   <div class='ocr_carea' id='block_1_3' title="bbox 29 791 525 1121">
    <p class='ocr_par' dir='ltr' id='par_1_5' title="bbox 82 791 525 1031">
     <span class='ocr_line' id='line_1_6' title="bbox 83 791 525 854; baseline -0.002 -14"><span class='ocrx_word' id='word_1_23' title='bbox 83 792 162 840; x_wconf 80' lang='lat' dir='ltr'><strong>virtus</strong></span> <span class='ocrx_word' id='word_1_24' title='bbox 176 791 294 854; x_wconf 75' lang='lat' dir='ltr'><strong>repulsae</strong></span> <span class='ocrx_word' id='word_1_25' title='bbox 306 791 393 839; x_wconf 82' lang='lat' dir='ltr'><strong>nescia</strong></span> <span class='ocrx_word' id='word_1_26' title='bbox 406 791 525 840; x_wconf 83' lang='lat' dir='ltr'><strong>sordidae</strong></span> 
     </span>
     <span class='ocr_line' id='line_1_7' title="bbox 82 879 498 942; baseline -0.002 -14"><span class='ocrx_word' id='word_1_27' title='bbox 82 880 241 929; x_wconf 74' lang='lat' dir='ltr'><strong>intaminatis</strong></span> <span class='ocrx_word' id='word_1_28' title='bbox 254 879 336 942; x_wconf 84' lang='lat' dir='ltr'><strong>fulget</strong></span> <span class='ocrx_word' id='word_1_29' title='bbox 348 880 498 941; x_wconf 84' lang='lat' dir='ltr'><strong>honoribus,</strong></span> 
     </span>
     <span class='ocr_line' id='line_1_8' title="bbox 83 968 471 1031; baseline -0.003 -13"><span class='ocrx_word' id='word_1_30' title='bbox 83 984 133 1018; x_wconf 88' lang='lat' dir='ltr'><strong>nee</strong></span> <span class='ocrx_word' id='word_1_31' title='bbox 146 968 223 1017; x_wconf 89' lang='lat' dir='ltr'><strong>sumit</strong></span> <span class='ocrx_word' id='word_1_32' title='bbox 234 975 277 1016; x_wconf 85' lang='lat' dir='ltr'><strong>ant</strong></span> <span class='ocrx_word' id='word_1_33' title='bbox 290 968 363 1031; x_wconf 90' lang='lat' dir='ltr'><strong>ponit</strong></span> <span class='ocrx_word' id='word_1_34' title='bbox 376 969 471 1017; x_wconf 83' lang='lat' dir='ltr'><strong>securis</strong></span> 
     </span>
    </p>

    <p class='ocr_par' dir='ltr' id='par_1_6' title="bbox 29 1057 433 1121">
     <span class='ocr_line' id='line_1_9' title="bbox 29 1057 433 1121; baseline -0.007 -14"><span class='ocrx_word' id='word_1_35' title='bbox 29 1067 61 1108; x_wconf 77' lang='lat'><strong>20</strong></span> <span class='ocrx_word' id='word_1_36' title='bbox 83 1058 189 1106; x_wconf 85' lang='lat' dir='ltr'><strong>arbitrio</strong></span> <span class='ocrx_word' id='word_1_37' title='bbox 202 1057 334 1121; x_wconf 84' lang='lat' dir='ltr'><strong>popularis</strong></span> <span class='ocrx_word' id='word_1_38' title='bbox 347 1072 433 1105; x_wconf 84' lang='lat' dir='ltr'><strong>aurae.</strong></span> 
     </span>
    </p>
   </div>
   <div class='ocr_carea' id='block_1_4' title="bbox 82 1199 545 1530">
    <p class='ocr_par' dir='ltr' id='par_1_7' title="bbox 82 1199 545 1441">
     <span class='ocr_line' id='line_1_10' title="bbox 82 1199 536 1258; baseline -0.002 -9"><span class='ocrx_word' id='word_1_39' title='bbox 82 1201 172 1258; x_wconf 83' lang='lat' dir='ltr'><strong>virtus,</strong></span> <span class='ocrx_word' id='word_1_40' title='bbox 187 1199 322 1249; x_wconf 85' lang='lat' dir='ltr'><strong>recludens</strong></span> <span class='ocrx_word' id='word_1_41' title='bbox 334 1199 456 1248; x_wconf 89' lang='lat' dir='ltr'><strong>inmeritis</strong></span> <span class='ocrx_word' id='word_1_42' title='bbox 469 1201 536 1248; x_wconf 79' lang='lat' dir='ltr'><strong>mori</strong></span> 
     </span>
     <span class='ocr_line' id='line_1_11' title="bbox 84 1289 545 1353; baseline 0 -16"><span class='ocrx_word' id='word_1_43' title='bbox 84 1290 193 1348; x_wconf 87' lang='lat' dir='ltr'><strong>eaelum,</strong></span> <span class='ocrx_word' id='word_1_44' title='bbox 213 1296 308 1351; x_wconf 84' lang='lat' dir='ltr'><strong>negata</strong></span> <span class='ocrx_word' id='word_1_45' title='bbox 319 1295 425 1353; x_wconf 87' lang='lat' dir='ltr'><strong>temptat</strong></span> <span class='ocrx_word' id='word_1_46' title='bbox 437 1289 484 1337; x_wconf 87' lang='lat' dir='ltr'><strong>iter</strong></span> <span class='ocrx_word' id='word_1_47' title='bbox 496 1290 545 1348; x_wconf 83' lang='lat' dir='ltr'><strong>via,</strong></span> 
     </span>
     <span class='ocr_line' id='line_1_12' title="bbox 85 1378 479 1441; baseline 0 -15"><span class='ocrx_word' id='word_1_48' title='bbox 85 1387 226 1441; x_wconf 83' lang='lat' dir='ltr'><strong>coetusque</strong></span> <span class='ocrx_word' id='word_1_49' title='bbox 237 1378 348 1440; x_wconf 83' lang='lat' dir='ltr'><strong>volgaris</strong></span> <span class='ocrx_word' id='word_1_50' title='bbox 364 1386 389 1426; x_wconf 85' lang='lat' dir='ltr'><strong>st</strong></span> <span class='ocrx_word' id='word_1_51' title='bbox 402 1379 479 1426; x_wconf 87' lang='lat' dir='ltr'><strong>udam</strong></span> 
     </span>
    </p>

    <p class='ocr_par' dir='ltr' id='par_1_8' title="bbox 85 1466 530 1530">
     <span class='ocr_line' id='line_1_13' title="bbox 85 1466 530 1530; baseline -0.002 -15"><span class='ocrx_word' id='word_1_52' title='bbox 85 1467 181 1530; x_wconf 90' lang='lat' dir='ltr'><strong>spernit</strong></span> <span class='ocrx_word' id='word_1_53' title='bbox 193 1466 298 1515; x_wconf 89' lang='lat' dir='ltr'><strong>humum</strong></span> <span class='ocrx_word' id='word_1_54' title='bbox 310 1466 422 1530; x_wconf 80' lang='lat' dir='ltr'><strong>fugiente</strong></span> <span class='ocrx_word' id='word_1_55' title='bbox 435 1480 530 1530; x_wconf 88' lang='lat' dir='ltr'><strong>penna.</strong></span> 
     </span>
    </p>
   </div>
   <div class='ocr_carea' id='block_1_5' title="bbox 31 1608 610 1939">
    <p class='ocr_par' dir='ltr' id='par_1_9' title="bbox 31 1608 610 1939">
     <span class='ocr_line' id='line_1_14' title="bbox 31 1608 425 1659; baseline -0.008 0"><span class='ocrx_word' id='word_1_56' title='bbox 31 1618 64 1659; x_wconf 76' lang='lat'><strong>25</strong></span> <span class='ocrx_word' id='word_1_57' title='bbox 85 1616 125 1657; x_wconf 85' lang='lat' dir='ltr'><strong>est</strong></span> <span class='ocrx_word' id='word_1_58' title='bbox 137 1617 162 1658; x_wconf 90' lang='lat' dir='ltr'><strong>et</strong></span> <span class='ocrx_word' id='word_1_59' title='bbox 175 1608 245 1657; x_wconf 83' lang='lat' dir='ltr'><strong>fideli</strong></span> <span class='ocrx_word' id='word_1_60' title='bbox 257 1616 311 1658; x_wconf 90' lang='lat' dir='ltr'><strong>tuta</strong></span> <span class='ocrx_word' id='word_1_61' title='bbox 323 1609 425 1658; x_wconf 84' lang='lat' dir='ltr'><strong>silentio</strong></span> 
     </span>
     <span class='ocr_line' id='line_1_15' title="bbox 84 1696 610 1761; baseline 0.002 -15"><span class='ocrx_word' id='word_1_62' title='bbox 84 1712 199 1748; x_wconf 82' lang='lat' dir='ltr'><strong>merces:</strong></span> <span class='ocrx_word' id='word_1_63' title='bbox 220 1699 321 1756; x_wconf 87' lang='lat' dir='ltr'><strong>vetabo,</strong></span> <span class='ocrx_word' id='word_1_64' title='bbox 337 1698 380 1761; x_wconf 88' lang='lat' dir='ltr'><strong>qui</strong></span> <span class='ocrx_word' id='word_1_65' title='bbox 394 1696 494 1747; x_wconf 84' lang='lat' dir='ltr'><strong>Cereris</strong></span> <span class='ocrx_word' id='word_1_66' title='bbox 508 1714 610 1747; x_wconf 81' lang='lat' dir='ltr'><strong>sacrum</strong></span> 
     </span>
     <span class='ocr_line' id='line_1_16' title="bbox 86 1786 484 1851; baseline -0.003 -15"><span class='ocrx_word' id='word_1_67' title='bbox 86 1787 198 1851; x_wconf 75' lang='lat' dir='ltr'><strong>volgarit</strong></span> <span class='ocrx_word' id='word_1_68' title='bbox 210 1802 326 1846; x_wconf 69' lang='lat' dir='ltr'><strong>areanae,</strong></span> <span class='ocrx_word' id='word_1_69' title='bbox 342 1788 389 1835; x_wconf 86' lang='lat' dir='ltr'><strong>sub</strong></span> <span class='ocrx_word' id='word_1_70' title='bbox 402 1786 484 1835; x_wconf 87' lang='lat' dir='ltr'><strong>isdem</strong></span> 
     </span>
     <span class='ocr_line' id='line_1_17' title="bbox 85 1875 520 1939; baseline -0.002 -14"><span class='ocrx_word' id='word_1_71' title='bbox 85 1878 117 1926; x_wconf 91' lang='lat' dir='ltr'><strong>sit</strong></span> <span class='ocrx_word' id='word_1_72' title='bbox 129 1876 244 1927; x_wconf 74' lang='lat' dir='ltr'><strong>trabibus</strong></span> <span class='ocrx_word' id='word_1_73' title='bbox 257 1875 405 1939; x_wconf 79' lang='lat' dir='ltr'><strong>fragilemve</strong></span> <span class='ocrx_word' id='word_1_74' title='bbox 418 1890 520 1924; x_wconf 84' lang='lat' dir='ltr'><strong>mecum</strong></span> 
     </span>
    </p>
   </div>
   <div class='ocr_carea' id='block_1_6' title="bbox 33 2017 601 2349">
    <p class='ocr_par' dir='ltr' id='par_1_10' title="bbox 33 2017 601 2170">
     <span class='ocr_line' id='line_1_18' title="bbox 85 2017 562 2082; baseline 0 -14"><span class='ocrx_word' id='word_1_75' title='bbox 85 2018 169 2068; x_wconf 82' lang='lat' dir='ltr'><strong>solvat</strong></span> <span class='ocrx_word' id='word_1_76' title='bbox 181 2018 321 2082; x_wconf 82' lang='lat' dir='ltr'><strong>phaselon:</strong></span> <span class='ocrx_word' id='word_1_77' title='bbox 343 2032 421 2081; x_wconf 80' lang='lat' dir='ltr'><strong>saepe</strong></span> <span class='ocrx_word' id='word_1_78' title='bbox 433 2017 562 2081; x_wconf 85' lang='lat' dir='ltr'><strong>Diespiter</strong></span> 
     </span>
     <span class='ocr_line' id='line_1_19' title="bbox 33 2107 601 2170; baseline 0 -13"><span class='ocrx_word' id='word_1_79' title='bbox 33 2116 64 2157; x_wconf 83' lang='grc' dir='ltr'><strong>3ฮฟ</strong></span> <span class='ocrx_word' id='word_1_80' title='bbox 84 2107 218 2170; x_wconf 81' lang='lat' dir='ltr'><strong>neglectus</strong></span> <span class='ocrx_word' id='word_1_81' title='bbox 230 2107 328 2155; x_wconf 77' lang='lat' dir='ltr'><strong>incesto</strong></span> <span class='ocrx_word' id='word_1_82' title='bbox 343 2107 442 2155; x_wconf 79' lang='lat' dir='ltr'><strong>addidit</strong></span> <span class='ocrx_word' id='word_1_83' title='bbox 454 2108 601 2170; x_wconf 69' lang='lat' dir='ltr'><strong>integrum</strong></span> 
     </span>
    </p>

    <p class='ocr_par' dir='ltr' id='par_1_11' title="bbox 84 2197 502 2245">
     <span class='ocr_line' id='line_1_20' title="bbox 84 2197 502 2245; baseline 0.002 -1"><span class='ocrx_word' id='word_1_84' title='bbox 84 2210 145 2245; x_wconf 87' lang='lat' dir='ltr'><strong>raro</strong></span> <span class='ocrx_word' id='word_1_85' title='bbox 158 2197 351 2245; x_wconf 85' lang='lat' dir='ltr'><strong>antecedentem</strong></span> <span class='ocrx_word' id='word_1_86' title='bbox 363 2197 502 2245; x_wconf 85' lang='lat' dir='ltr'><strong>scelestum</strong></span> 
     </span>
    </p>

    <p class='ocr_par' dir='ltr' id='par_1_12' title="bbox 85 2285 493 2349">
     <span class='ocr_line' id='line_1_21' title="bbox 85 2285 493 2349; baseline 0 -16"><span class='ocrx_word' id='word_1_87' title='bbox 85 2285 197 2333; x_wconf 85' lang='lat' dir='ltr'><strong>desernit</strong></span> <span class='ocrx_word' id='word_1_88' title='bbox 208 2286 274 2349; x_wconf 86' lang='lat' dir='ltr'><strong>pede</strong></span> <span class='ocrx_word' id='word_1_89' title='bbox 286 2286 377 2334; x_wconf 85' lang='lat' dir='ltr'><strong>Poena</strong></span> <span class='ocrx_word' id='word_1_90' title='bbox 389 2285 493 2334; x_wconf 81' lang='lat' dir='ltr'><strong>claudo.</strong></span> 
     </span>
    </p>
   </div>
   <div class='ocr_carea' id='block_1_7' title="bbox 14 2428 587 2760">
    <p class='ocr_par' dir='ltr' id='par_1_13' title="bbox 31 2428 587 2667">
     <span class='ocr_line' id='line_1_22' title="bbox 31 2428 573 2491; baseline -0.006 -12"><span class='ocrx_word' id='word_1_91' title='bbox 31 2429 179 2479; x_wconf 79' lang='lat' dir='ltr'><strong>Illiustum</strong></span> <span class='ocrx_word' id='word_1_92' title='bbox 191 2435 216 2476; x_wconf 86' lang='lat' dir='ltr'><strong>et</strong></span> <span class='ocrx_word' id='word_1_93' title='bbox 228 2436 345 2477; x_wconf 84' lang='lat' dir='ltr'><strong>tenacem</strong></span> <span class='ocrx_word' id='word_1_94' title='bbox 357 2428 480 2491; x_wconf 86' lang='lat' dir='ltr'><strong>propositi</strong></span> <span class='ocrx_word' id='word_1_95' title='bbox 493 2429 573 2476; x_wconf 86' lang='lat' dir='ltr'><strong>virum</strong></span> 
     </span>
     <span class='ocr_line' id='line_1_23' title="bbox 84 2516 587 2581; baseline -0.008 -14"><span class='ocrx_word' id='word_1_96' title='bbox 84 2532 139 2567; x_wconf 90' lang='lat' dir='ltr'><strong>non</strong></span> <span class='ocrx_word' id='word_1_97' title='bbox 152 2516 244 2565; x_wconf 85' lang='lat' dir='ltr'><strong>civium</strong></span> <span class='ocrx_word' id='word_1_98' title='bbox 257 2517 334 2565; x_wconf 86' lang='lat' dir='ltr'><strong>ardor</strong></span> <span class='ocrx_word' id='word_1_99' title='bbox 346 2531 425 2581; x_wconf 84' lang='lat' dir='ltr'><strong>prava</strong></span> <span class='ocrx_word' id='word_1_100' title='bbox 436 2517 587 2575; x_wconf 87' lang='lat' dir='ltr'><strong>iubentium,</strong></span> 
     </span>
     <span class='ocr_line' id='line_1_24' title="bbox 83 2605 479 2667; baseline -0.005 -12"><span class='ocrx_word' id='word_1_101' title='bbox 83 2620 139 2655; x_wconf 90' lang='lat' dir='ltr'><strong>non</strong></span> <span class='ocrx_word' id='word_1_102' title='bbox 151 2606 234 2654; x_wconf 88' lang='lat' dir='ltr'><strong>voltus</strong></span> <span class='ocrx_word' id='word_1_103' title='bbox 247 2606 364 2655; x_wconf 83' lang='lat' dir='ltr'><strong>instantis</strong></span> <span class='ocrx_word' id='word_1_104' title='bbox 377 2605 479 2667; x_wconf 85' lang='lat' dir='ltr'><strong>tyranni</strong></span> 
     </span>
    </p>

    <p class='ocr_par' dir='ltr' id='par_1_14' title="bbox 14 2695 575 2760">
     <span class='ocr_line' id='line_1_25' title="bbox 14 2695 575 2760; baseline -0.004 -15"><span class='ocrx_word' id='word_1_105' title='bbox 14 2755 15 2760; x_wconf 13' lang='lat'>ยน</span> <span class='ocrx_word' id='word_1_106' title='bbox 83 2701 172 2745; x_wconf 87' lang='lat' dir='ltr'><strong>mente</strong></span> <span class='ocrx_word' id='word_1_107' title='bbox 185 2695 265 2758; x_wconf 88' lang='lat' dir='ltr'><strong>quatit</strong></span> <span class='ocrx_word' id='word_1_108' title='bbox 278 2696 369 2754; x_wconf 88' lang='lat' dir='ltr'><strong>solida,</strong></span> <span class='ocrx_word' id='word_1_109' title='bbox 386 2709 469 2757; x_wconf 87' lang='lat' dir='ltr'><strong>neque</strong></span> <span class='ocrx_word' id='word_1_110' title='bbox 482 2703 575 2756; x_wconf 86' lang='lat' dir='ltr'><strong>auster,</strong></span> 
     </span>
    </p>
   </div>
   <div class='ocr_carea' id='block_1_8' title="bbox 0 0 1016 3117">
    <p class='ocr_par' dir='ltr' id='par_1_15' title="bbox 0 0 1016 3117">
     <span class='ocr_line' id='line_1_26' title="bbox 0 0 1016 3117; baseline 0 0"><span class='ocrx_word' id='word_1_111' title='bbox 0 0 1016 3117; x_wconf 95' lang='lat' dir='ltr'><strong> </strong></span> 
     </span>
    </p>
   </div>
  </div>
 </body>
</html>
