1917 3117
375 173 463 212 LIBER
478 172 522 210 111.

74 335 240 397 ‘quamquam
253 332 335 381 sidere
348 331 481 394 pulchrior

76 424 121 472 illc
135 431 181 483 cst,
197 430 224 470 tu
237 421 316 470 levior
329 420 424 470 cortice
437 428 462 469 et
474 419 587 483 inprobo

77 512 223 562 iracundior
238 510 343 568 Hadria,

77 611 162 651 tecum
174 600 257 648 vivere
270 614 361 658 amem,
378 607 461 647 tecum
475 599 568 647 obeam
580 596 683 646 libens?

373 785 532 792 -—---—-

436 987 470 1036 X.

78 1156 229 1203 Extremum
241 1152 342 1201 Tanain
356 1151 376 1198 si
389 1151 498 1207 biberes,
513 1148 583 1209 Lyce

80 1258 156 1293 saevo
171 1250 250 1307 nupta
262 1241 324 1300 viro,
340 1254 381 1289 me
393 1247 479 1288 tamen
493 1251 598 1300 asperas

80 1341 226 1397 porrectum
239 1340 297 1380 unte
309 1330 370 1378 foris
384 1329 486 1377 obicere
498 1327 590 1376 incolis

81 1425 196 1487 plorares
209 1418 381 1484 aquilonibus.

45 1577 60 1617 5
82 1566 154 1615 audis
168 1579 218 1628 quo
232 1563 338 1626 strepitu
349 1561 436 1617 ianua,
454 1573 505 1622 qno
520 1573 609 1608 nemus

78 1657 146 1704 inter
158 1654 265 1718 pulchra
277 1660 361 1701 satum
372 1657 440 1700 tecta
452 1649 577 1710 remugiat

80 1744 170 1803 ventis,
186 1750 210 1792 ct
223 1742 319 1806 positus
331 1749 359 1789 ut
372 1740 465 1802 glaciet
484 1738 548 1787 nivis

80 1849 145 1899 puro
160 1832 264 1880 numine
277 1828 408 1893 Iuppiter?

79 1980 207 2041 ingratum
220 1973 315 2023 Veneri
327 1986 396 2035 pone
408 1971 562 2035 superbiam

25 2079 58 2119 1ο
79 2083 114 2116 ne
128 2073 244 2114 currente
257 2072 325 2112 retro
338 2062 407 2110 funis
420 2069 461 2110 cat
472 2069 538 2108 rota

80 2171 136 2206 non
150 2164 175 2204 tc
187 2153 335 2215 Penelopen
348 2150 478 2199 difficilem
491 2148 577 2213 procis

80 2245 230 2309 Tyrrhenus
243 2242 332 2305 genuit
344 2255 444 2303 pareus.

83 2404 98 2438 o
113 2387 228 2452 quumvis
241 2398 325 2447 neque
337 2393 362 2432 ts
375 2396 482 2433 munera
494 2396 542 2429 nec
558 2396 649 2444 preces

82 2493 131 2527 nec
143 2476 237 2525 tinctus
249 2475 317 2522 viola
329 2474 414 2537 pallor
426 2471 565 2520 amantium

27 2579 60 2619 15
82 2581 131 2616 nec
144 2566 182 2613 vir
193 2564 276 2614 Pieria
289 2562 372 2627 pelice
384 2561 485 2609 saucius

83 2662 180 2714 curvet,
196 2653 351 2717 supplicibus
365 2651 416 2700 tuis
