<?xml version="1.0" encoding="UTF-8"?>
<!DOCTYPE html PUBLIC "-//W3C//DTD XHTML 1.0 Transitional//EN"
    "http://www.w3.org/TR/xhtml1/DTD/xhtml1-transitional.dtd">
<html xmlns="http://www.w3.org/1999/xhtml" xml:lang="en" lang="en">
 <head>
  <title>
</title>
<meta http-equiv="Content-Type" content="text/html;charset=utf-8" />
  <meta name='ocr-system' content='tesseract 3.04.00' />
  <meta name='ocr-capabilities' content='ocr_page ocr_carea ocr_par ocr_line ocrx_word'/>
</head>
<body>
  <div class='ocr_page' id='page_1' title='image "./opera00haupgoog_0322.png"; bbox 0 0 1917 3117; ppageno 0'>
   <div class='ocr_carea' id='block_1_1' title="bbox 127 187 595 237">
    <p class='ocr_par' dir='ltr' id='par_1_1' title="bbox 127 187 595 237">
     <span class='ocr_line' id='line_1_1' title="bbox 127 187 595 237; baseline 0.002 -9"><span class='ocrx_word' id='word_1_1' title='bbox 127 187 181 237; x_wconf 66' lang='lat'>29⁸</span> <span class='ocrx_word' id='word_1_2' title='bbox 382 191 595 230; x_wconf 73' lang='lat' dir='ltr'>urrsruunuuu</span> 
     </span>
    </p>
   </div>
   <div class='ocr_carea' id='block_1_2' title="bbox 81 347 834 1556">
    <p class='ocr_par' dir='ltr' id='par_1_2' title="bbox 81 347 834 762">
     <span class='ocr_line' id='line_1_2' title="bbox 81 347 756 410; baseline -0.001 -16"><span class='ocrx_word' id='word_1_3' title='bbox 81 353 113 394; x_wconf 71' lang='lat' dir='ltr'>‘io</span> <span class='ocrx_word' id='word_1_4' title='bbox 128 360 191 394; x_wconf 82' lang='lat' dir='ltr'>neve</span> <span class='ocrx_word' id='word_1_5' title='bbox 204 354 277 408; x_wconf 79' lang='lat' dir='ltr'>putes</span> <span class='ocrx_word' id='word_1_6' title='bbox 288 348 369 396; x_wconf 79' lang='lat' dir='ltr'>slim</span> <span class='ocrx_word' id='word_1_7' title='bbox 381 347 499 410; x_wconf 70' lang='lat' dir='ltr'>sapiente</span> <span class='ocrx_word' id='word_1_8' title='bbox 511 349 633 410; x_wconf 74' lang='lat' dir='ltr'>bonoque</span> <span class='ocrx_word' id='word_1_9' title='bbox 644 348 756 404; x_wconf 78' lang='lat' dir='ltr'>beatum,</span> 
     </span>
     <span class='ocr_line' id='line_1_3' title="bbox 127 434 759 498; baseline 0.002 -17"><span class='ocrx_word' id='word_1_10' title='bbox 127 447 187 494; x_wconf 86' lang='lat' dir='ltr'>nen,</span> <span class='ocrx_word' id='word_1_11' title='bbox 199 434 223 482; x_wconf 88' lang='lat' dir='ltr'>si</span> <span class='ocrx_word' id='word_1_12' title='bbox 233 442 259 483; x_wconf 82' lang='lat' dir='ltr'>te</span> <span class='ocrx_word' id='word_1_13' title='bbox 270 437 383 498; x_wconf 87' lang='lat' dir='ltr'>populus</span> <span class='ocrx_word' id='word_1_14' title='bbox 396 450 488 483; x_wconf 77' lang='lat' dir='ltr'>sanum</span> <span class='ocrx_word' id='word_1_15' title='bbox 500 442 620 498; x_wconf 83' lang='lat' dir='ltr'>recteque</span> <span class='ocrx_word' id='word_1_16' title='bbox 630 435 759 483; x_wconf 75' lang='lat' dir='ltr'>valentem</span> 
     </span>
     <span class='ocr_line' id='line_1_4' title="bbox 128 522 759 585; baseline -0.002 -15"><span class='ocrx_word' id='word_1_17' title='bbox 128 523 233 582; x_wconf 78' lang='lat' dir='ltr'>dictitet,</span> <span class='ocrx_word' id='word_1_18' title='bbox 244 523 371 570; x_wconf 77' lang='lat' dir='ltr'>occultam</span> <span class='ocrx_word' id='word_1_19' title='bbox 383 523 480 571; x_wconf 87' lang='lat' dir='ltr'>febrem</span> <span class='ocrx_word' id='word_1_20' title='bbox 493 525 539 572; x_wconf 87' lang='lat' dir='ltr'>sub</span> <span class='ocrx_word' id='word_1_21' title='bbox 552 532 652 585; x_wconf 84' lang='lat' dir='ltr'>tempus</span> <span class='ocrx_word' id='word_1_22' title='bbox 664 522 759 571; x_wconf 87' lang='lat' dir='ltr'>edendi</span> 
     </span>
     <span class='ocr_line' id='line_1_5' title="bbox 129 611 834 668; baseline -0.001 -10"><span class='ocrx_word' id='word_1_23' title='bbox 129 611 281 668; x_wconf 83' lang='lat' dir='ltr'>dissimules,</span> <span class='ocrx_word' id='word_1_24' title='bbox 298 612 379 658; x_wconf 86' lang='lat' dir='ltr'>donec</span> <span class='ocrx_word' id='word_1_25' title='bbox 391 612 510 659; x_wconf 83' lang='lat' dir='ltr'>manibus</span> <span class='ocrx_word' id='word_1_26' title='bbox 523 620 618 659; x_wconf 83' lang='lat' dir='ltr'>tremor</span> <span class='ocrx_word' id='word_1_27' title='bbox 629 611 727 658; x_wconf 80' lang='lat' dir='ltr'>incidat</span> <span class='ocrx_word' id='word_1_28' title='bbox 738 612 834 658; x_wconf 76' lang='lat' dir='ltr'>unctis.</span> 
     </span>
     <span class='ocr_line' id='line_1_6' title="bbox 128 699 772 762; baseline -0.005 -14"><span class='ocrx_word' id='word_1_29' title='bbox 128 701 263 748; x_wconf 78' lang='lat' dir='ltr'>stultorum</span> <span class='ocrx_word' id='word_1_30' title='bbox 276 700 392 747; x_wconf 72' lang='lat' dir='ltr'>incurata</span> <span class='ocrx_word' id='word_1_31' title='bbox 404 700 488 762; x_wconf 87' lang='lat' dir='ltr'>pudor</span> <span class='ocrx_word' id='word_1_32' title='bbox 500 700 583 747; x_wconf 79' lang='lat' dir='ltr'>malus</span> <span class='ocrx_word' id='word_1_33' title='bbox 596 701 684 748; x_wconf 83' lang='lat' dir='ltr'>ulcera</span> <span class='ocrx_word' id='word_1_34' title='bbox 696 699 772 747; x_wconf 77' lang='lat' dir='ltr'>celat.</span> 
     </span>
    </p>

    <p class='ocr_par' dir='ltr' id='par_1_3' title="bbox 82 787 747 938">
     <span class='ocr_line' id='line_1_7' title="bbox 82 787 684 851; baseline 0.002 -16"><span class='ocrx_word' id='word_1_35' title='bbox 82 796 113 835; x_wconf 73' lang='lat'>25</span> <span class='ocrx_word' id='word_1_36' title='bbox 128 788 208 851; x_wconf 88' lang='lat' dir='ltr'>siquis</span> <span class='ocrx_word' id='word_1_37' title='bbox 222 788 291 836; x_wconf 80' lang='lat' dir='ltr'>bella</span> <span class='ocrx_word' id='word_1_38' title='bbox 303 788 350 835; x_wconf 79' lang='lat' dir='ltr'>tibi</span> <span class='ocrx_word' id='word_1_39' title='bbox 362 795 430 836; x_wconf 82' lang='lat' dir='ltr'>terre</span> <span class='ocrx_word' id='word_1_40' title='bbox 442 796 557 850; x_wconf 77' lang='lat' dir='ltr'>pugnata</span> <span class='ocrx_word' id='word_1_41' title='bbox 569 787 684 850; x_wconf 78' lang='lat' dir='ltr'>marique</span> 
     </span>
     <span class='ocr_line' id='line_1_8' title="bbox 129 875 747 938; baseline 0.002 -16"><span class='ocrx_word' id='word_1_42' title='bbox 129 877 197 924; x_wconf 81' lang='lat' dir='ltr'>dicat</span> <span class='ocrx_word' id='word_1_43' title='bbox 210 885 234 924; x_wconf 87' lang='lat' dir='ltr'>et</span> <span class='ocrx_word' id='word_1_44' title='bbox 248 877 285 923; x_wconf 88' lang='lat' dir='ltr'>his</span> <span class='ocrx_word' id='word_1_45' title='bbox 300 877 382 924; x_wconf 87' lang='lat' dir='ltr'>verbis</span> <span class='ocrx_word' id='word_1_46' title='bbox 395 891 488 924; x_wconf 75' lang='lat' dir='ltr'>vacuas</span> <span class='ocrx_word' id='word_1_47' title='bbox 501 877 657 938; x_wconf 80' lang='lat' dir='ltr'>permulceat</span> <span class='ocrx_word' id='word_1_48' title='bbox 669 875 747 935; x_wconf 86' lang='lat' dir='ltr'>auris,</span> 
     </span>
    </p>

    <p class='ocr_par' dir='ltr' id='par_1_4' title="bbox 127 964 832 1204">
     <span class='ocr_line' id='line_1_9' title="bbox 127 964 832 1028; baseline -0.001 -16"><span class='ocrx_word' id='word_1_49' title='bbox 127 965 196 1012; x_wconf 83' lang='lat' dir='ltr'>‘tene</span> <span class='ocrx_word' id='word_1_50' title='bbox 208 965 290 1027; x_wconf 73' lang='lat' dir='ltr'>magis</span> <span class='ocrx_word' id='word_1_51' title='bbox 304 965 401 1011; x_wconf 83' lang='lat' dir='ltr'>salvum</span> <span class='ocrx_word' id='word_1_52' title='bbox 414 965 525 1028; x_wconf 90' lang='lat' dir='ltr'>populus</span> <span class='ocrx_word' id='word_1_53' title='bbox 539 965 599 1012; x_wconf 87' lang='lat' dir='ltr'>velit</span> <span class='ocrx_word' id='word_1_54' title='bbox 611 979 644 1011; x_wconf 80' lang='lat' dir='ltr'>en</span> <span class='ocrx_word' id='word_1_55' title='bbox 657 964 783 1027; x_wconf 88' lang='lat' dir='ltr'>populum</span> <span class='ocrx_word' id='word_1_56' title='bbox 795 973 832 1022; x_wconf 86' lang='lat' dir='ltr'>tu,</span> 
     </span>
     <span class='ocr_line' id='line_1_10' title="bbox 128 1052 764 1114; baseline 0 -15"><span class='ocrx_word' id='word_1_57' title='bbox 128 1059 210 1101; x_wconf 82' lang='lat' dir='ltr'>servet</span> <span class='ocrx_word' id='word_1_58' title='bbox 220 1053 248 1100; x_wconf 89' lang='lat' dir='ltr'>in</span> <span class='ocrx_word' id='word_1_59' title='bbox 261 1052 380 1114; x_wconf 77' lang='lat' dir='ltr'>ambiguo</span> <span class='ocrx_word' id='word_1_60' title='bbox 394 1052 437 1114; x_wconf 92' lang='lat' dir='ltr'>qui</span> <span class='ocrx_word' id='word_1_61' title='bbox 451 1053 563 1101; x_wconf 82' lang='lat' dir='ltr'>consulit</span> <span class='ocrx_word' id='word_1_62' title='bbox 574 1061 600 1100; x_wconf 77' lang='lat' dir='ltr'>et</span> <span class='ocrx_word' id='word_1_63' title='bbox 610 1053 657 1101; x_wconf 84' lang='lat' dir='ltr'>tibi</span> <span class='ocrx_word' id='word_1_64' title='bbox 669 1060 695 1101; x_wconf 81' lang='lat' dir='ltr'>et</span> <span class='ocrx_word' id='word_1_65' title='bbox 707 1053 764 1100; x_wconf 85' lang='lat' dir='ltr'>urbi</span> 
     </span>
     <span class='ocr_line' id='line_1_11' title="bbox 128 1140 757 1204; baseline -0.002 -16"><span class='ocrx_word' id='word_1_66' title='bbox 128 1140 262 1204; x_wconf 84' lang='lat' dir='ltr'>Iuppiter‚&#39;</span> <span class='ocrx_word' id='word_1_67' title='bbox 273 1141 385 1203; x_wconf 81' lang='lat' dir='ltr'>Augusti</span> <span class='ocrx_word' id='word_1_68' title='bbox 397 1142 487 1189; x_wconf 83' lang='lat' dir='ltr'>leudes</span> <span class='ocrx_word' id='word_1_69' title='bbox 503 1155 645 1203; x_wconf 76' lang='lat' dir='ltr'>agnoscere</span> <span class='ocrx_word' id='word_1_70' title='bbox 658 1140 757 1204; x_wconf 83' lang='lat' dir='ltr'>possis:</span> 
     </span>
    </p>

    <p class='ocr_par' dir='ltr' id='par_1_5' title="bbox 83 1229 824 1556">
     <span class='ocr_line' id='line_1_12' title="bbox 83 1229 733 1292; baseline -0.003 -14"><span class='ocrx_word' id='word_1_71' title='bbox 83 1238 114 1279; x_wconf 85' lang='lat'>30</span> <span class='ocrx_word' id='word_1_72' title='bbox 128 1244 186 1277; x_wconf 84' lang='lat' dir='ltr'>curn</span> <span class='ocrx_word' id='word_1_73' title='bbox 199 1230 294 1292; x_wconf 82' lang='lat' dir='ltr'>peteris</span> <span class='ocrx_word' id='word_1_74' title='bbox 307 1230 410 1291; x_wconf 81' lang='lat' dir='ltr'>sapiens</span> <span class='ocrx_word' id='word_1_75' title='bbox 424 1229 626 1291; x_wconf 78' lang='lat' dir='ltr'><strong>emendatusque</strong></span> <span class='ocrx_word' id='word_1_76' title='bbox 638 1230 733 1287; x_wconf 73' lang='lat' dir='ltr'>vocnri3</span> 
     </span>
     <span class='ocr_line' id='line_1_13' title="bbox 129 1317 782 1381; baseline -0.002 -16"><span class='ocrx_word' id='word_1_77' title='bbox 129 1318 306 1381; x_wconf 78' lang='lat' dir='ltr'>respondesne</span> <span class='ocrx_word' id='word_1_78' title='bbox 318 1325 371 1376; x_wconf 82' lang='lat' dir='ltr'>tuo,</span> <span class='ocrx_word' id='word_1_79' title='bbox 388 1317 427 1365; x_wconf 92' lang='lat' dir='ltr'>dic</span> <span class='ocrx_word' id='word_1_80' title='bbox 440 1319 526 1376; x_wconf 85' lang='lat' dir='ltr'>sodes,</span> <span class='ocrx_word' id='word_1_81' title='bbox 541 1317 664 1366; x_wconf 76' lang='lat' dir='ltr'>nomine?</span> <span class='ocrx_word' id='word_1_82' title='bbox 681 1319 782 1379; x_wconf 81' lang='lat' dir='ltr'>‘nempe</span> 
     </span>
     <span class='ocr_line' id='line_1_14' title="bbox 128 1406 784 1468; baseline -0.002 -15"><span class='ocrx_word' id='word_1_83' title='bbox 128 1407 166 1453; x_wconf 80' lang='lat' dir='ltr'>vir</span> <span class='ocrx_word' id='word_1_84' title='bbox 179 1407 261 1455; x_wconf 88' lang='lat' dir='ltr'>bonus</span> <span class='ocrx_word' id='word_1_85' title='bbox 275 1414 301 1454; x_wconf 84' lang='lat' dir='ltr'>et</span> <span class='ocrx_word' id='word_1_86' title='bbox 314 1407 425 1468; x_wconf 85' lang='lat' dir='ltr'>prudens</span> <span class='ocrx_word' id='word_1_87' title='bbox 438 1406 489 1453; x_wconf 89' lang='lat' dir='ltr'>dici</span> <span class='ocrx_word' id='word_1_88' title='bbox 503 1406 618 1454; x_wconf 80' lang='lat' dir='ltr'>delector</span> <span class='ocrx_word' id='word_1_89' title='bbox 631 1420 679 1467; x_wconf 82' lang='lat' dir='ltr'>ego</span> <span class='ocrx_word' id='word_1_90' title='bbox 691 1419 722 1453; x_wconf 82' lang='lat' dir='ltr'>uc</span> <span class='ocrx_word' id='word_1_91' title='bbox 735 1406 784 1452; x_wconf 81' lang='lat' dir='ltr'>tu.³</span> 
     </span>
     <span class='ocr_line' id='line_1_15' title="bbox 130 1493 824 1556; baseline -0.003 -14"><span class='ocrx_word' id='word_1_92' title='bbox 130 1496 174 1556; x_wconf 90' lang='lat' dir='ltr'>qui</span> <span class='ocrx_word' id='word_1_93' title='bbox 187 1494 258 1542; x_wconf 75' lang='lat' dir='ltr'>dedit</span> <span class='ocrx_word' id='word_1_94' title='bbox 269 1494 319 1541; x_wconf 90' lang='lat' dir='ltr'>hoc</span> <span class='ocrx_word' id='word_1_95' title='bbox 332 1495 417 1553; x_wconf 86' lang='lat' dir='ltr'>hodie,</span> <span class='ocrx_word' id='word_1_96' title='bbox 433 1508 498 1552; x_wconf 83' lang='lat' dir='ltr'>cras,</span> <span class='ocrx_word' id='word_1_97' title='bbox 514 1494 536 1541; x_wconf 83' lang='lat' dir='ltr'>si</span> <span class='ocrx_word' id='word_1_98' title='bbox 548 1495 625 1552; x_wconf 84' lang='lat' dir='ltr'>volet,</span> <span class='ocrx_word' id='word_1_99' title='bbox 641 1493 746 1553; x_wconf 78' lang='lat' dir='ltr'><strong>auferet,</strong></span> <span class='ocrx_word' id='word_1_100' title='bbox 762 1502 791 1541; x_wconf 82' lang='lat' dir='ltr'>ut</span> <span class='ocrx_word' id='word_1_101' title='bbox 803 1494 824 1541; x_wconf 90' lang='lat' dir='ltr'>si</span> 
     </span>
    </p>
   </div>
   <div class='ocr_carea' id='block_1_3' title="bbox 85 1581 828 2072">
    <p class='ocr_par' dir='ltr' id='par_1_6' title="bbox 128 1581 685 1645">
     <span class='ocr_line' id='line_1_16' title="bbox 128 1581 685 1645; baseline -0.005 -15"><span class='ocrx_word' id='word_1_102' title='bbox 128 1582 248 1630; x_wconf 83' lang='lat' dir='ltr'>detulerit</span> <span class='ocrx_word' id='word_1_103' title='bbox 259 1581 336 1629; x_wconf 81' lang='lat' dir='ltr'>fascis</span> <span class='ocrx_word' id='word_1_104' title='bbox 348 1582 465 1645; x_wconf 82' lang='lat' dir='ltr'>indigno,</span> <span class='ocrx_word' id='word_1_105' title='bbox 482 1582 597 1631; x_wconf 81' lang='lat' dir='ltr'>detrahet</span> <span class='ocrx_word' id='word_1_106' title='bbox 608 1582 685 1630; x_wconf 86' lang='lat' dir='ltr'>idem.</span> 
     </span>
    </p>

    <p class='ocr_par' dir='ltr' id='par_1_7' title="bbox 85 1670 828 2072">
     <span class='ocr_line' id='line_1_17' title="bbox 85 1670 828 1734; baseline -0.001 -15"><span class='ocrx_word' id='word_1_107' title='bbox 85 1679 115 1720; x_wconf 81' lang='lat'>³5</span> <span class='ocrx_word' id='word_1_108' title='bbox 129 1670 215 1732; x_wconf 87' lang='lat' dir='ltr'>‘pone‚</span> <span class='ocrx_word' id='word_1_109' title='bbox 230 1684 316 1718; x_wconf 86' lang='lat' dir='ltr'>meum</span> <span class='ocrx_word' id='word_1_110' title='bbox 328 1671 374 1718; x_wconf 82' lang='lat' dir='ltr'>est&#39;</span> <span class='ocrx_word' id='word_1_111' title='bbox 385 1671 482 1733; x_wconf 74' lang='lat' dir='ltr'>inquit:</span> <span class='ocrx_word' id='word_1_112' title='bbox 498 1685 569 1734; x_wconf 89' lang='lat' dir='ltr'>pono</span> <span class='ocrx_word' id='word_1_113' title='bbox 581 1670 712 1732; x_wconf 78' lang='lat' dir='ltr'>tristisque</span> <span class='ocrx_word' id='word_1_114' title='bbox 725 1671 828 1719; x_wconf 87' lang='lat' dir='ltr'>recedo.</span> 
     </span>
     <span class='ocr_line' id='line_1_18' title="bbox 129 1736 745 1821; baseline -0.002 -14"><span class='ocrx_word' id='word_1_115' title='bbox 129 1760 198 1807; x_wconf 89' lang='lat' dir='ltr'>idem</span> <span class='ocrx_word' id='word_1_116' title='bbox 210 1759 232 1806; x_wconf 89' lang='lat' dir='ltr'>si</span> <span class='ocrx_word' id='word_1_117' title='bbox 245 1759 338 1807; x_wconf 78' lang='lat' dir='ltr'>clamet</span> <span class='ocrx_word' id='word_1_118' title='bbox 350 1759 441 1817; x_wconf 84' lang='lat' dir='ltr'>furem,</span> <span class='ocrx_word' id='word_1_119' title='bbox 457 1767 535 1821; x_wconf 83' lang='lat' dir='ltr'>neget</span> <span class='ocrx_word' id='word_1_120' title='bbox 548 1736 745 1821; x_wconf 61' lang='lat' dir='ltr'>esse-pudicum,</span> 
     </span>
     <span class='ocr_line' id='line_1_19' title="bbox 129 1847 774 1911; baseline 0.002 -17"><span class='ocrx_word' id='word_1_121' title='bbox 129 1847 269 1896; x_wconf 78' lang='lat' dir='ltr'>contendat</span> <span class='ocrx_word' id='word_1_122' title='bbox 280 1847 373 1909; x_wconf 76' lang='lat' dir='ltr'>laqueo</span> <span class='ocrx_word' id='word_1_123' title='bbox 387 1848 483 1895; x_wconf 84' lang='lat' dir='ltr'>collum</span> <span class='ocrx_word' id='word_1_124' title='bbox 495 1847 618 1911; x_wconf 79' lang='lat' dir='ltr'>pressisse</span> <span class='ocrx_word' id='word_1_125' title='bbox 631 1855 774 1910; x_wconf 74' lang='lat' dir='ltr'>paternum,</span> 
     </span>
     <span class='ocr_line' id='line_1_20' title="bbox 128 1935 779 1999; baseline -0.002 -16"><span class='ocrx_word' id='word_1_126' title='bbox 128 1936 248 1983; x_wconf 81' lang='lat' dir='ltr'>mordear</span> <span class='ocrx_word' id='word_1_127' title='bbox 260 1936 405 1999; x_wconf 84' lang='lat' dir='ltr'>opprobriis</span> <span class='ocrx_word' id='word_1_128' title='bbox 416 1935 489 1983; x_wconf 80' lang='lat' dir='ltr'>salsis</span> <span class='ocrx_word' id='word_1_129' title='bbox 501 1945 648 1998; x_wconf 84' lang='lat' dir='ltr'>mutemque</span> <span class='ocrx_word' id='word_1_130' title='bbox 660 1935 779 1984; x_wconf 81' lang='lat' dir='ltr'>colores?</span> 
     </span>
     <span class='ocr_line' id='line_1_21' title="bbox 129 2023 755 2072; baseline 0.002 -1"><span class='ocrx_word' id='word_1_131' title='bbox 129 2024 209 2072; x_wconf 83' lang='lat' dir='ltr'>sslsus</span> <span class='ocrx_word' id='word_1_132' title='bbox 222 2024 306 2072; x_wconf 88' lang='lat' dir='ltr'>honor</span> <span class='ocrx_word' id='word_1_133' title='bbox 317 2024 387 2072; x_wconf 79' lang='lat' dir='ltr'>iuvet</span> <span class='ocrx_word' id='word_1_134' title='bbox 399 2031 425 2071; x_wconf 83' lang='lat' dir='ltr'>et</span> <span class='ocrx_word' id='word_1_135' title='bbox 436 2024 548 2071; x_wconf 76' lang='lat' dir='ltr'>mendax</span> <span class='ocrx_word' id='word_1_136' title='bbox 559 2023 666 2070; x_wconf 76' lang='lat' dir='ltr'>infaruis</span> <span class='ocrx_word' id='word_1_137' title='bbox 677 2031 755 2072; x_wconf 80' lang='lat' dir='ltr'>terret</span> 
     </span>
    </p>
   </div>
   <div class='ocr_carea' id='block_1_4' title="bbox 83 2111 868 2702">
    <p class='ocr_par' dir='ltr' id='par_1_8' title="bbox 83 2111 868 2702">
     <span class='ocr_line' id='line_1_22' title="bbox 83 2111 868 2175; baseline 0.001 -15"><span class='ocrx_word' id='word_1_138' title='bbox 83 2120 114 2161; x_wconf 83' lang='grc' dir='ltr'>4ο</span> <span class='ocrx_word' id='word_1_139' title='bbox 130 2126 206 2175; x_wconf 90' lang='lat' dir='ltr'>quem</span> <span class='ocrx_word' id='word_1_140' title='bbox 218 2112 268 2159; x_wconf 80' lang='lat' dir='ltr'>nisi</span> <span class='ocrx_word' id='word_1_141' title='bbox 280 2113 433 2160; x_wconf 87' lang='lat' dir='ltr'>mendosum</span> <span class='ocrx_word' id='word_1_142' title='bbox 445 2121 470 2160; x_wconf 80' lang='lat' dir='ltr'>et</span> <span class='ocrx_word' id='word_1_143' title='bbox 481 2111 676 2159; x_wconf 77' lang='lat' dir='ltr'>medicandum?</span> <span class='ocrx_word' id='word_1_144' title='bbox 688 2112 726 2159; x_wconf 84' lang='lat' dir='ltr'>vir</span> <span class='ocrx_word' id='word_1_145' title='bbox 738 2114 868 2162; x_wconf 85' lang='lat' dir='ltr'>bonusest</span> 
     </span>
     <span class='ocr_line' id='line_1_23' title="bbox 491 2199 564 2262; baseline 0 -16"><span class='ocrx_word' id='word_1_146' title='bbox 491 2199 564 2262; x_wconf 78' lang='lat' dir='ltr'>quis?</span> 
     </span>
     <span class='ocr_line' id='line_1_24' title="bbox 128 2287 800 2351; baseline -0.003 -15"><span class='ocrx_word' id='word_1_147' title='bbox 128 2289 181 2351; x_wconf 85' lang='lat' dir='ltr'>‘qui</span> <span class='ocrx_word' id='word_1_148' title='bbox 194 2289 313 2337; x_wconf 81' lang='lat' dir='ltr'>consulta</span> <span class='ocrx_word' id='word_1_149' title='bbox 325 2295 434 2350; x_wconf 80' lang='lat' dir='ltr'>patrum,</span> <span class='ocrx_word' id='word_1_150' title='bbox 450 2287 493 2350; x_wconf 90' lang='lat' dir='ltr'>qui</span> <span class='ocrx_word' id='word_1_151' title='bbox 505 2288 577 2350; x_wconf 85' lang='lat' dir='ltr'>leges</span> <span class='ocrx_word' id='word_1_152' title='bbox 589 2288 696 2350; x_wconf 80' lang='lat' dir='ltr'>iureque</span> <span class='ocrx_word' id='word_1_153' title='bbox 708 2296 800 2345; x_wconf 76' lang='lat' dir='ltr'>servat,</span> 
     </span>
     <span class='ocr_line' id='line_1_25' title="bbox 129 2376 769 2438; baseline 0 -14"><span class='ocrx_word' id='word_1_154' title='bbox 129 2392 181 2438; x_wconf 90' lang='lat' dir='ltr'>quo</span> <span class='ocrx_word' id='word_1_155' title='bbox 193 2377 289 2425; x_wconf 82' lang='lat' dir='ltr'>multae</span> <span class='ocrx_word' id='word_1_156' title='bbox 301 2389 462 2438; x_wconf 78' lang='lat' dir='ltr'>magnaeque</span> <span class='ocrx_word' id='word_1_157' title='bbox 475 2384 595 2424; x_wconf 83' lang='lat' dir='ltr'>secantur</span> <span class='ocrx_word' id='word_1_158' title='bbox 605 2376 690 2424; x_wconf 87' lang='lat' dir='ltr'>iudice</span> <span class='ocrx_word' id='word_1_159' title='bbox 701 2376 769 2435; x_wconf 84' lang='lat' dir='ltr'>lites,</span> 
     </span>
     <span class='ocr_line' id='line_1_26' title="bbox 130 2465 814 2527; baseline 0.003 -17"><span class='ocrx_word' id='word_1_160' title='bbox 130 2478 182 2525; x_wconf 90' lang='lat' dir='ltr'>quo</span> <span class='ocrx_word' id='word_1_161' title='bbox 195 2479 235 2512; x_wconf 87' lang='lat' dir='ltr'>res</span> <span class='ocrx_word' id='word_1_162' title='bbox 248 2478 374 2527; x_wconf 89' lang='lat' dir='ltr'>sponsore</span> <span class='ocrx_word' id='word_1_163' title='bbox 388 2472 413 2512; x_wconf 79' lang='lat' dir='ltr'>et</span> <span class='ocrx_word' id='word_1_164' title='bbox 426 2478 477 2526; x_wconf 90' lang='lat' dir='ltr'>quo</span> <span class='ocrx_word' id='word_1_165' title='bbox 491 2478 585 2512; x_wconf 78' lang='lat' dir='ltr'>censue</span> <span class='ocrx_word' id='word_1_166' title='bbox 597 2472 662 2513; x_wconf 72' lang='lat' dir='ltr'>teste</span> <span class='ocrx_word' id='word_1_167' title='bbox 674 2465 814 2513; x_wconf 76' lang='lat' dir='ltr'>tenentur.³</span> 
     </span>
     <span class='ocr_line' id='line_1_27' title="bbox 131 2551 749 2600; baseline 0.002 -2"><span class='ocrx_word' id='word_1_168' title='bbox 131 2551 175 2599; x_wconf 90' lang='lat' dir='ltr'>sed</span> <span class='ocrx_word' id='word_1_169' title='bbox 189 2551 258 2599; x_wconf 84' lang='lat' dir='ltr'>videt</span> <span class='ocrx_word' id='word_1_170' title='bbox 269 2552 337 2599; x_wconf 88' lang='lat' dir='ltr'>hune</span> <span class='ocrx_word' id='word_1_171' title='bbox 350 2553 434 2599; x_wconf 89' lang='lat' dir='ltr'>omnis</span> <span class='ocrx_word' id='word_1_172' title='bbox 447 2553 539 2599; x_wconf 86' lang='lat' dir='ltr'>domus</span> <span class='ocrx_word' id='word_1_173' title='bbox 552 2561 578 2600; x_wconf 78' lang='lat' dir='ltr'>et</span> <span class='ocrx_word' id='word_1_174' title='bbox 590 2552 683 2600; x_wconf 80' lang='lat' dir='ltr'>vicinia</span> <span class='ocrx_word' id='word_1_175' title='bbox 694 2559 749 2600; x_wconf 79' lang='lat' dir='ltr'>tota</span> 
     </span>
     <span class='ocr_line' id='line_1_28' title="bbox 84 2637 730 2702; baseline 0.002 -18"><span class='ocrx_word' id='word_1_176' title='bbox 84 2646 115 2684; x_wconf 79' lang='grc'>45</span> <span class='ocrx_word' id='word_1_177' title='bbox 129 2637 253 2685; x_wconf 80' lang='lat' dir='ltr'>introrsus</span> <span class='ocrx_word' id='word_1_178' title='bbox 265 2647 373 2701; x_wconf 83' lang='lat' dir='ltr'>turpem,</span> <span class='ocrx_word' id='word_1_179' title='bbox 390 2641 535 2702; x_wconf 84' lang='lat' dir='ltr'>speciosum</span> <span class='ocrx_word' id='word_1_180' title='bbox 548 2640 615 2702; x_wconf 84' lang='lat' dir='ltr'>pelle</span> <span class='ocrx_word' id='word_1_181' title='bbox 629 2641 730 2689; x_wconf 79' lang='lat' dir='ltr'>decora.</span> 
     </span>
    </p>
   </div>
   <div class='ocr_carea' id='block_1_5' title="bbox 0 0 964 3117">
    <p class='ocr_par' dir='ltr' id='par_1_9' title="bbox 0 0 964 3117">
     <span class='ocr_line' id='line_1_29' title="bbox 0 0 964 3117; baseline 0 0"><span class='ocrx_word' id='word_1_182' title='bbox 0 0 964 3117; x_wconf 95' lang='lat' dir='ltr'> </span> 
     </span>
    </p>
   </div>
  </div>
 </body>
</html>
