1917 3117
146 201 200 252 302
404 206 616 246 EPISTULARUM

147 362 189 410 hie
201 363 269 411 subit
280 371 306 412 et
317 363 422 426 perfert.
450 370 495 411 eut
506 363 585 412 virtus
597 368 691 411 nemen
704 364 816 420 inanest,

146 459 190 499 eut
203 450 280 498 decus
292 458 319 500 st
330 451 438 513 pretium
450 458 520 500 recte
531 452 596 513 petit
607 452 743 514 experiens
755 451 803 499 vir.

146 553 233 587 cerem
246 553 366 602 regesne
379 539 412 586 de
423 547 573 602 paupertate
586 548 701 589 tacentes

146 628 204 689 plus
217 634 341 689 poscente
352 626 445 674 serent.
473 628 550 676 distet
561 643 681 676 sumasne
693 628 819 691 pudenter

100 724 131 763 45
146 729 179 763 an
192 713 291 778 rapies:
313 715 383 778 utqui
396 729 480 763 rerum
493 724 571 778 capnt
581 716 631 764 hec
643 725 706 774 eret,
722 716 763 765 hie
777 716 848 765 iens.

145 803 271 852 ‘indetete
282 803 344 851 mihi
357 818 430 852 seror
442 811 488 860 est,
504 805 662 866 paupercule
673 813 762 863 meter,

146 898 171 940 et
183 891 278 939 fundus
291 906 339 940 nee
351 891 487 940 vendibilis
504 905 553 939 nee
565 906 671 954 pascere
683 893 777 941 firmus'

147 979 191 1041 qui
203 978 272 1038 dicit,
288 980 381 1028 clumst
391 980 494 1028 ‘victum
507 980 585 1029 dete?
609 981 719 1030 succinit
730 983 796 1030 alter

145 1067 256 1116 ‘etmihi
268 1068 369 1116 dividuo
382 1069 494 1116 findetur
505 1082 611 1118 munere
624 1069 743 1131 quadra)

101 1164 131 1204 50
146 1156 191 1204 sed
203 1157 294 1204 tacitus
307 1157 378 1219 pasci
391 1157 412 1204 si
425 1165 514 1219 penset
526 1171 626 1215 corvus,
642 1157 748 1206 heberet

145 1245 203 1307 plus
217 1244 289 1307 dapis
302 1252 329 1293 st
340 1245 412 1294 rixae
423 1246 505 1294 multe
517 1246 601 1294 minus
613 1246 784 1308 invidiaeque.

145 1333 310 1381 Brundisium
322 1347 409 1382 cemes
423 1341 467 1382 aut
478 1332 630 1382 Surrentum
643 1335 733 1382 ductus
745 1349 890 1385 amoenum

146 1422 189 1483 qui
202 1422 316 1484 queritur
328 1423 442 1471 salebras
455 1430 480 1471 et
493 1423 613 1471 acerbum
624 1423 704 1485 frigus
721 1431 747 1471 et
758 1422 860 1482 imbris,

145 1517 189 1557 eut
201 1510 291 1557 cistem
304 1511 435 1560 effractum
447 1518 473 1559 et
486 1511 611 1560 subducte
622 1511 714 1559 vistim
726 1506 821 1574 ploret,

100 1606 130 1647 tt
145 1606 208 1646 nete
220 1598 299 1646 refert
310 1598 448 1646 meretricis
460 1600 588 1658 acumine,
603 1612 680 1661 saepe
692 1599 810 1647 cutellum

145 1699 223 1749 saepe
235 1686 410 1749 periscelidem
421 1695 522 1749 ruptum
534 1687 583 1734 sibi
596 1686 690 1747 flentis,
706 1686 742 1734 uti
754 1701 817 1735 mox

145 1775 218 1823 nulle
231 1775 293 1823 ildes
306 1776 406 1823 demnis
416 1776 534 1837 verisque
547 1775 679 1824 doloribus
691 1775 766 1824 adsit.

145 1876 193 1911 nee
204 1864 282 1911 semel
296 1863 389 1911 inrisus
402 1863 483 1912 triviis
496 1854 613 1914 attollere
625 1871 698 1912 curet

145 1951 228 2000 iructo
241 1966 313 2001 crure
325 1952 441 2015 planum.
468 1953 528 2001 licet
538 1952 576 2000 illi
589 1952 699 2014 plurimu
710 1959 797 2000 menet

100 2048 130 2088 60
145 2040 258 2100 lacrima,
273 2054 320 2102 per
330 2050 448 2089 sunctum
460 2041 556 2088 iuretur
569 2041 637 2089 dicet
649 2039 744 2089 Osirim

143 2126 256 2186 ‘credite
271 2142 325 2175 nen
337 2127 415 2176 ludo:
436 2128 563 2186 crudeles,
577 2128 659 2176 tollite
671 2128 816 2176 ciendum?

143 2215 247 2278 ‘quaere
259 2215 433 2280 peregrinnm'
444 2216 538 2274 vicinis
549 2229 626 2264 reuss
639 2217 770 2264 reclamet.
