1917 3117
412 183 498 222 ursan
511 183 532 220 1.
781 180 833 231 195

113 339 149 386 sio
162 339 237 401 inpar
249 340 305 387 sibi.
333 354 402 388 nuno
414 339 506 401 aliquis
520 339 587 387 dieat
599 339 660 386 milti
672 340 741 402 ‘quid
754 342 799 389 tu?

66 436 97 475 20
112 428 218 476 nullane
231 429 309 476 habes
323 427 407 476 vitial’
424 429 503 475 immo
516 428 567 475 alia
580 434 606 475 et
619 428 728 477 sortasse
740 430 850 477 minora.

111 516 230 564 Maenius
243 518 377 565 absentem
389 516 497 563 Novium
511 530 568 563 cum
582 525 705 579 carperet,
719 518 792 565 ‘heus
805 518 842 566 tu'

113 605 216 667 quidam
229 605 273 665 ait,
287 604 400 666 ‘ignoras
413 612 440 652 te
453 620 486 653 an
500 613 527 653 nt
539 605 655 668 ignotum
669 607 729 654 dare
742 606 817 654 nobis

111 694 189 742 verba
201 693 301 756 putasi'
316 693 428 755 ‘egomet
439 694 474 742 mi
486 694 603 756 ignosoo'
616 695 733 742 Maenius
745 695 837 757 inquit.

112 782 202 829 stultus
216 790 241 830 et
253 783 377 843 inprobus
390 782 431 830 hio
444 797 518 831 amor
530 789 569 829 est
582 783 728 845 dignusque
740 784 832 831 notari.

64 877 96 919 25
111 884 169 917 oum
182 878 226 918 tua
238 869 369 932 pervideas
383 871 463 918 oeulis
475 872 545 918 mala
558 871 643 933 lippus
656 871 775 930 inunctis,

112 972 157 1007 our
170 958 197 1006 in
210 960 349 1007 amicorum
361 958 427 1007 vitiis
441 967 494 1007 tam
507 960 589 1007 cernis
603 967 705 1007 acutum

111 1062 188 1109 qnam
200 1055 243 1095 aut
251 1047 677 1110 aquilaautserpensldpidaurius?
690 1056 716 1096 at
722 1048 767 1096 tibi
775 1056 866 1097 contra

112 1136 204 1194 evenit,
220 1136 351 1198 inquirant
362 1136 422 1184 vitia
433 1145 462 1184 ut
473 1144 519 1184 tua
530 1151 615 1184 rursus
630 1145 656 1184 et
668 1136 715 1185 illi.

110 1224 256 1272 iracundior
268 1232 307 1272 est
318 1225 415 1287 paullo,
430 1224 515 1273 minus
529 1232 603 1288 aptus
617 1224 698 1273 aeuus

64 1319 95 1360 30
111 1312 214 1361 naribus
227 1312 317 1361 horum
330 1313 474 1373 hominum
496 1313 573 1361 rideri
585 1314 667 1376 possit
679 1327 710 1361 eo
724 1315 793 1376 quod

110 1402 227 1450 rusticius
241 1411 316 1450 tonso
330 1411 392 1465 toga
404 1401 492 1449 defluit
505 1409 531 1449 et
544 1402 611 1449 male
624 1402 698 1449 laxus
783 1461 786 1468 r

110 1490 136 1538 in
150 1491 215 1553 pede
229 1492 328 1540 euloeua
342 1491 445 1538 haeret:
467 1499 493 1539 at
505 1498 543 1538 est
556 1491 649 1548 bonus,
664 1498 693 1538 ut
704 1490 797 1540 melior
809 1490 848 1539 vir

110 1594 163 1627 non
171 1578 236 1627 alius
247 1579 389 1641 quisquam,
400 1579 478 1627 attibi
486 1579 592 1637 amicus,
602 1579 865 1642 atinganiumingens

109 1667 206 1715 ineulto
221 1667 284 1715 latet
295 1667 345 1713 hoo
358 1667 404 1714 sub
418 1681 536 1729 corpore.
565 1667 676 1729 denique
689 1676 714 1716 te
727 1669 810 1731 ipsum

64 1764 95 1805 35
110 1763 227 1811 concute,
244 1768 357 1815 numqua
368 1754 414 1801 tibi
427 1754 544 1802 vitiorum
556 1756 677 1804 inseverit
690 1756 752 1803 olim

110 1850 201 1891 natura
213 1850 257 1890 aut
271 1841 346 1889 etiam
359 1843 518 1890 consuetudo
531 1843 614 1890 male:
634 1858 745 1905 namque

109 1930 233 1994 neglectis
246 1930 343 1978 urenda
355 1929 410 1977 filix
420 1930 562 1979 innascitur
574 1931 650 1992 agris.

108 2019 170 2068 illue
183 2026 379 2081 praevertemur,
395 2026 535 2066 amatorem
548 2018 616 2080 quod
631 2018 728 2074 amicae

108 2109 193 2171 turpia
205 2107 335 2170 decipiunt
348 2120 452 2154 caecum
468 2107 536 2166 vitia,
552 2107 684 2155 autetiam
697 2108 753 2170 ipsa
766 2108 829 2156 haec

62 2206 94 2245 to
109 2196 246 2255 delectant,
261 2196 337 2244 veluti
347 2195 486 2243 Balbinum
498 2196 607 2258 polypus
620 2195 738 2258 Hagnae.

108 2285 200 2334 vellem
211 2285 238 2332 in
252 2284 362 2334 amicitia
374 2285 410 2332 sio
423 2297 575 2344 erraremus,
590 2292 615 2332 et
626 2284 670 2331 isti

109 2375 187 2422 errori
199 2388 294 2422 nomen
307 2374 385 2421 virtus
398 2372 526 2435 posuisset
539 2373 684 2420 honestum.

108 2471 135 2510 at
147 2470 220 2526 pater
231 2471 259 2511 ut
271 2463 351 2525 gnati.
368 2462 404 2509 sic
417 2476 466 2509 nos
480 2461 603 2509 debemus
615 2460 692 2508 antici

109 2552 200 2614 siquod
214 2553 245 2600 sit
257 2551 345 2600 vitium
357 2565 410 2598 non
423 2550 546 2599 fastidire.
575 2550 721 2598 strabonem

62 2649 93 2689 ⁴5
109 2640 222 2702 adpellat
233 2649 337 2704 paetum
349 2648 430 2702 pater,
447 2648 472 2688 et
484 2639 592 2701 pullum,
608 2639 676 2687 male
689 2652 781 2700 parvus

639 2746 686 2792 1³·
