1917 3117
388 193 476 232 Lmen
490 193 510 230 1.
762 190 815 239 219

89 350 118 397 ‘ei
132 349 198 398 bene
211 363 251 398 me
264 350 333 408 novi,
350 364 403 398 non
415 350 520 397 Viscum
534 350 613 411 pluris
627 350 746 406 emirum,

89 453 141 486 non
155 438 261 486 Verium
273 438 368 486 facies:
392 451 451 486 nem
465 440 521 501 quis
533 454 574 486 me
587 439 697 487 seribere
710 438 790 500 pluris

88 535 133 575 ent
144 526 218 575 eitius
231 528 313 589 possit
326 527 430 575 versus?
451 528 507 589 quie
520 529 634 575 membre
646 541 749 575 movere

37 625 72 666 25
87 615 220 663 mollius?-
229 616 340 664 invideer
354 617 423 677 quod
440 624 466 664 et
478 616 655 677 Hermogenes
667 629 716 677 ego
730 615 827 663 eante?

85 703 267 766 interpellandi
280 705 352 753 loeus
366 704 407 753 hie
421 711 489 752 eret:
512 703 615 752 ‘esttibi
629 712 717 762 meter,

86 787 201 854 cognati,
216 792 272 854 quis
285 799 309 840 te
323 793 395 840 salvo
408 800 449 840 est
460 792 553 854 epus?
565 792 632 839 haud
640 792 701 840 mihi
709 792 853 854 quisquam.

86 879 170 928 omnis
183 881 330 942 conposui.'
356 881 467 930 ‘felicesl
490 894 559 928 nune
571 895 620 943 ego
638 890 718 928 resto.

87 969 200 1016 eonfiee:
217 983 329 1031 nemque
341 970 421 1018 instet
432 970 513 1017 fatum
525 963 591 1016 mihi
605 970 686 1027 triste,
703 967 810 1017 Sabella

40 1065 74 1105 30
89 1057 159 1119 quod
172 1071 251 1119 puero
266 1058 358 1105 cecinit
371 1058 456 1107 divina
468 1065 539 1105 mota
556 1072 620 1105 anus
633 1072 712 1105 urna:

88 1145 156 1193 hune
169 1159 254 1207 neque
267 1147 322 1193 dira
334 1161 442 1205 venena,
457 1160 507 1194 nee
520 1146 633 1194 hosticus
647 1145 745 1193 auferet
757 1145 834 1204 eneis,

18 1252 22 1268 1
87 1247 136 1281 nee
149 1233 257 1281 laterum
271 1234 345 1282 dolor
359 1242 403 1283 eut
415 1235 502 1294 tussis,
518 1248 565 1282 nee
578 1235 651 1282 tarde
663 1234 794 1296 podagra:

88 1322 206 1383 garrulus
219 1322 287 1371 hune
300 1324 404 1386 quando
417 1330 553 1372 consumet
565 1336 689 1384 cumque:
710 1321 835 1384 loquacis,

88 1411 110 1458 si
123 1411 214 1473 sapiet,
230 1412 298 1471 vitet,
315 1412 479 1474 simulatque
493 1411 633 1460 adoleverit
645 1412 738 1459 aetas)

38 1509 72 1549 35
87 1508 191 1547 ventum
204 1508 259 1548 eret
270 1502 302 1547 ad
315 1500 419 1559 Vestae,
435 1508 527 1562 quarta
538 1501 590 1547 iem
602 1507 674 1563 parte
687 1500 738 1547 diei

87 1589 233 1650 praeterite,
249 1594 275 1635 et
286 1602 347 1634 casu
360 1595 421 1636 tune
434 1589 590 1650 respondere
603 1588 696 1637 vedere

54 1655 61 1665 l
89 1676 212 1735 debebat3
234 1675 341 1735 quodni
356 1674 467 1734 fecisset,
483 1677 589 1738 perdere
601 1676 681 1724 litem.

88 1763 119 1810 ‘si
131 1777 173 1811 me
186 1763 265 1810 emee'
277 1763 369 1824 inquit,
383 1763 507 1825 ‘paullum
519 1765 560 1812 hie
573 1765 655 1813 edes!
679 1766 820 1824 ‘inteream‚
836 1765 856 1813 si

88 1859 132 1899 eut
144 1852 218 1899 valeo
231 1858 299 1899 stare
312 1859 355 1898 aut
368 1852 427 1899 novi
440 1852 524 1900 civilia
535 1852 605 1899 iure:

39 1950 73 1989 40
90 1948 114 1987 et
127 1954 237 2002 propero
251 1953 302 2001 quo
316 1939 386 1987 seis)
402 1939 575 1998 ‘dubiueeum‚
585 1940 851 2003 quiefaciamffnquit,

88 2028 156 2077 ‘tene
162 2029 307 2091 relinquam
313 2042 346 2075 en
353 2028 429 2075 rem.’
446 2028 505 2086 ‘me,
515 2028 612 2076 sedes)
625 2027 687 2075 ‘non
693 2029 795 2077 seciam’
801 2029 854 2088 ille,

86 2124 116 2164 et
127 2117 281 2179 praecedere
294 2117 388 2179 eoepit.
417 2130 474 2179 ego,
491 2123 519 2163 ut
531 2115 688 2164 contendere
700 2117 815 2164 durumet

90 2219 148 2253 eum
160 2206 264 2265 victore,
280 2220 383 2267 sequor.
403 2205 551 2253 ‘Maecenas
564 2204 695 2266 quomodo
707 2212 791 2252 tecum
797 2205 817 2251 Ρ

14 2353 17 2359 ¹
89 2293 148 2340 hine
172 2278 277 2356 repetit:
305 2294 454 2356 ‘paucorum
477 2293 610 2341 hominum
629 2302 654 2341 et
678 2294 770 2342 mentis
792 2295 858 2342 bene

451 2396 540 2431 senae.

11 2509 12 2542 ζ
43 2478 74 2518 45
89 2483 165 2518 nemo
180 2471 307 2520 dexterius
320 2471 424 2519 fortune
442 2478 480 2520 est
493 2484 562 2518 usus.
590 2470 698 2519 haberes

90 2572 211 2620 magnum
224 2561 376 2619 adiutorem,
391 2567 479 2622 posset
492 2560 535 2621 qui
548 2559 615 2607 ferre
627 2561 762 2618 secundas,

91 2645 159 2694 hune
172 2648 303 2697 hominem
314 2649 392 2697 velles
407 2648 429 2695 si
441 2649 551 2696 tradere.
581 2648 734 2710 dispeream,
749 2648 776 2696 ni
