1917 3117
384 175 472 214 mmm
486 176 519 214 11.
761 173 811 225 251

87 348 142 381 non
154 334 241 396 magni
254 332 353 396 pendia,
370 334 430 395 quia
443 333 566 396 contigit:
582 343 607 382 at
619 335 680 381 mihi
694 349 754 382 cura

88 437 142 471 non
154 422 289 471 mediocris
301 422 376 480 inest,
391 422 476 471 fontes
490 431 518 470 ut
529 422 600 471 adire
613 431 725 470 remotos

21 499 73 560 ’95
89 519 167 574 atque
179 511 280 559 haurire
294 526 386 574 queam
398 511 465 559 vitae
477 520 616 574 praecepta
628 512 727 559 beatae.

434 880 466 928 V.

88 1041 146 1089 Hoc
160 1055 271 1103 quoque,
286 1041 392 1098 Tiresia,
408 1049 509 1102 praeter
526 1049 628 1089 narrata
641 1043 737 1105 patenti

87 1130 225 1192 responde,
242 1130 333 1193 quibus
347 1130 452 1177 amissas
466 1144 585 1192 reparare
599 1145 690 1193 queam
703 1145 743 1179 ras

87 1218 185 1267 artibus
198 1226 275 1281 atqua
287 1218 379 1267 modis.
407 1217 468 1280 quid
482 1217 567 1266 rides?
585 1219 679 1267 ‘iamne
692 1220 784 1268 doloso

88 1320 144 1354 non
157 1307 218 1355 satia
232 1316 272 1356 ast
281 1307 396 1355 Ithacam
409 1307 494 1355 revehi
506 1308 654 1370 patriosque
666 1310 767 1370 penatis

58 1405 72 1442 5
89 1395 229 1457 aspicere?
248 1411 264 1444 ο
277 1397 341 1444 nulli
353 1396 490 1459 quicquam
502 1397 616 1454 mentite,
632 1397 701 1445 vides
715 1406 743 1445 ut

89 1484 173 1531 nudus
181 1485 308 1548 inopsque
320 1486 424 1533 domum
431 1485 544 1544 redeam,
554 1494 579 1533 ta
587 1494 656 1544 vate;
671 1499 755 1547 neque
763 1485 815 1533 illic

89 1582 134 1620 aut
147 1574 272 1635 apotheca
284 1573 369 1637 procis
381 1573 478 1622 intacta
491 1581 530 1621 ast
543 1583 586 1621 aut
599 1587 688 1635 pecus.
715 1575 785 1637 atqui

90 1670 115 1709 at
129 1675 209 1723 genus
224 1671 249 1710 at
262 1662 349 1720 virtus,
366 1662 415 1710 nisi
430 1677 487 1709 cum
499 1678 535 1720 ra,
551 1662 625 1709 vilior
638 1662 730 1724 algast.

89 1750 203 1812 ‘quando
217 1750 365 1812 pauperiem
377 1750 461 1797 missis
475 1750 625 1812 ambagibus
638 1750 736 1809 horres,

41 1846 74 1887 10
90 1837 179 1899 accipe
192 1851 243 1899 qua
254 1838 353 1884 ratione
367 1850 448 1898 quaaa
463 1838 594 1885 ditescere.
622 1839 710 1886 turdus

90 1925 144 1973 siva
157 1924 226 1972 aliud
239 1925 337 1988 privum
351 1925 451 1973 dabitur
462 1924 519 1984 tibi,
535 1926 637 1974 devolet
649 1926 719 1984 illua,

90 2027 131 2061 res
144 2014 188 2062 ubi
200 2029 295 2078 magna
307 2014 379 2072 nitet,
395 2012 500 2061 domino
514 2027 590 2062 sana:
613 2014 697 2061 dulcia
710 2029 787 2077 poma

91 2111 117 2151 et
130 2117 304 2165 quoscumque
316 2103 380 2150 feret
393 2100 474 2150 cultus
487 2102 532 2150 tibi
545 2101 639 2150 fundus
657 2102 779 2161 honores,

91 2200 151 2239 anta
163 2192 244 2239 laram
256 2199 341 2254 gustat
353 2191 523 2239 venerabilior
535 2192 588 2239 lara
602 2191 685 2238 dives:

43 2289 77 2331 15
92 2280 137 2343 qui
150 2281 263 2343 quamvis
276 2281 392 2344 parimus
405 2280 459 2338 aria,
475 2280 530 2329 sine
543 2289 629 2343 ganta,
645 2286 762 2328 cruentus

92 2369 218 2431 sanguine
231 2369 353 2428 fraterno,
369 2369 500 2432 fugitivus,
516 2383 549 2417 ne
563 2377 648 2416 tamen
662 2367 699 2415 illi

91 2467 119 2507 tu
133 2472 218 2507 comas
232 2459 350 2517 exterior,
367 2458 388 2506 si
400 2460 522 2521 postulat,
539 2458 575 2506 ire
589 2457 712 2506 recusas.²

92 2559 153 2595 uma
166 2556 252 2609 tegam
264 2561 356 2609 spurco
370 2546 469 2596 Damae
482 2547 567 2595 latus?
586 2546 654 2593 haud
667 2546 703 2593 ita
714 2545 808 2593 Troiae

93 2629 136 2684 ma
148 2636 225 2698 gessi,
241 2644 340 2685 cartana
355 2651 455 2700 semper
467 2636 625 2685 melioribus.
653 2635 723 2697 ‘argo
