1917 3117
458 548 556 596 XVIII.

129 778 242 839 Nullam,
258 780 334 840 Vare,
350 795 424 828 sacra
436 781 487 830 vite
500 781 570 844 prius
583 780 675 829 severis
688 781 805 829 arborem

130 870 198 916 circa
209 870 269 917 mite
283 870 366 917 solum
378 869 480 919 Tiburis
494 878 518 917 et
530 869 633 917 moenie
646 869 731 917 Catili.

129 957 203 1006 siccis
217 958 303 1006 omnia
315 974 376 1007 uam
389 959 452 1006 dure
465 959 527 1006 deus
540 958 682 1021 proposuit,
698 972 781 1020 neque

129 1048 262 1096 mordaces
275 1047 349 1096 aliter
361 1046 496 1110 diffugiunt
508 1046 701 1096 sollicitudines.

96 1198 109 1237 5
130 1190 187 1253 quis
199 1197 259 1253 post
269 1189 329 1237 vina
335 1203 437 1252 gravem
443 1189 560 1237 militiam
567 1197 610 1236 aut
617 1188 764 1251 pauperiem
771 1190 874 1252 crepat?

130 1279 375 1342 quisnontepotins,
384 1278 571 1340 Bacchepater,
579 1285 663 1340 teque,
672 1277 875 1326 decensVenns?

129 1383 159 1415 ac
173 1382 206 1416 nc
219 1369 275 1430 quis
288 1368 382 1415 modici
394 1367 521 1416 transiliat
532 1380 639 1414 munera
651 1366 746 1425 Liberi,

129 1455 274 1505 Centaurea
285 1463 373 1505 monet
390 1469 447 1503 oum
459 1454 575 1518 Lapithis
588 1456 644 1503 rixa
655 1470 733 1518 snper
744 1470 814 1504 mero

130 1599 267 1656 debellata,
282 1606 370 1646 monet
382 1596 506 1646 Sithoniis
519 1612 572 1645 non
585 1597 647 1645 levis
660 1597 765 1656 Euhius,

79 1697 109 1737 10
130 1703 187 1735 cum
200 1687 239 1734 fas
252 1694 328 1750 atque
341 1686 414 1735 nefas
428 1686 522 1748 exiguo
535 1687 585 1734 linc
598 1686 733 1734 libidinum

130 1777 277 1825 discernunt
288 1774 363 1822 avidi.
391 1790 445 1823 non
458 1790 507 1837 ego
519 1782 553 1834 te,
568 1775 677 1823 candide
688 1776 823 1835 Bassareu,

128 1866 234 1914 invitum
247 1866 359 1928 quatiam
371 1879 420 1913 nec
431 1864 507 1912 variis
520 1864 603 1913 obsita
615 1864 749 1912 frondibus

129 2008 175 2056 sub
190 2008 273 2056 divum
285 2007 392 2070 rapiam.
419 2022 495 2055 saeva
508 2014 567 2056 tene
580 2021 638 2054 cum
650 2007 802 2068 Berecyntio

129 2111 209 2145 cornu
220 2105 357 2160 tympana,
378 2110 444 2158 quae
460 2097 624 2157 subsequitur
635 2110 726 2144 caecus
739 2111 812 2144 amor
823 2098 873 2156 sni,

79 2194 108 2235 lb
129 2193 153 2234 et
164 2186 258 2234 tollens
271 2201 378 2234 vacuum
390 2186 449 2248 plus
461 2184 539 2232 nimio
553 2184 636 2246 gloria
648 2184 773 2244 verticem,

129 2276 267 2339 arcamque
280 2275 343 2324 fidos
356 2274 473 2338 prodiga,
489 2273 645 2337 perlucidior
656 2274 729 2321 vitro.
