1917 3117
132 191 187 240 ³oe
387 191 598 232 nmssnnssun

130 350 169 397 vir
180 350 264 398 bonus
278 357 305 397 ot
315 349 418 412 sepiens
430 348 536 397 sudebit
546 347 631 395 dicere
642 346 777 405 ‘Penthum

131 445 216 487 rector
227 438 382 495 Thebanum,
397 436 458 498 quid
470 450 513 484 me
525 435 638 498 perform
650 436 754 498 patique

85 534 116 574 '15
130 526 265 587 indignum
272 525 374 587 coges?
383 524 601 573 ‘emmennone'
609 524 712 585 ‘nempe
718 535 806 585 pecus,
816 537 884 582 rem,

131 615 221 672 lectos,
236 621 380 675 argentum.
407 613 485 661 sollus
498 613 579 660 lieet?
601 611 637 660 ‘in
649 610 757 659 munins
770 619 797 658 et

131 701 296 764 compedibus
309 715 386 749 ssevo
399 709 425 749 te
437 703 486 750 sub
498 700 605 749 custode
617 699 732 748 tenebo?

130 790 194 853 ‘ipse
207 789 278 848 dens,
294 789 368 837 simul
381 789 564 851 sequemini,
579 803 621 836 me
632 786 734 836 solvet.²
757 787 855 849 opinor

131 879 181 927 hoo
193 877 278 937 sentit,
292 877 416 925 ‘morien'
439 891 509 925 more
521 877 612 925 ultima
627 877 698 924 lines
708 882 830 924 mrumst.

414 1080 575 1091 a—u-——n—

788 1090 834 1127 μ’

132 1492 262 1553 Quemvis,
277 1491 383 1552 Suana,
399 1493 461 1541 satis
474 1508 521 1556 per
531 1501 557 1542 te
569 1493 615 1542 nbi
627 1493 748 1553 consulis,
763 1501 789 1542 et
801 1495 854 1542 scis

131 1596 182 1643 quo
196 1581 301 1629 tandem
313 1590 389 1643 puoso
403 1583 493 1631 deoeet
503 1582 642 1630 maioribus
655 1582 701 1640 uti,

131 1669 210 1728 disee,
226 1669 358 1716 doeendus
370 1669 454 1718 adhuc
467 1683 533 1731 quse
546 1677 634 1717 censet
645 1669 779 1728 amiculus,
793 1676 823 1717 ut
835 1669 859 1717 si

131 1771 223 1806 caecus
235 1757 284 1806 iter
296 1765 440 1806 monstrare
452 1758 527 1806 velit:
547 1766 633 1806 temen
646 1758 733 1821 aspice
747 1757 833 1820 siquid

102 1855 115 1895 e
130 1855 157 1896 et
169 1860 218 1895 nos
233 1845 302 1908 quod
315 1859 388 1894 cures
400 1846 533 1908 proprium
545 1845 637 1894 fecisse
650 1847 794 1908 loquemur.

130 1935 152 1983 si
165 1943 190 1983 te
203 1942 276 1997 gruta
286 1933 360 1996 quies
373 1942 399 1982 et
410 1935 518 1998 primum
531 1949 637 1983 somnus
648 1935 676 1982 in
693 1934 785 1982 horem

129 2023 250 2081 delectat,
265 2023 286 2070 si
298 2030 324 2070 te
336 2022 418 2085 pulvis
431 2022 602 2085 strepitusque
614 2031 737 2082 rosarum,

130 2111 152 2159 si
164 2111 243 2159 lsedit
255 2124 383 2173 caupone,
399 2111 564 2158 Ferentinum
575 2111 613 2159 ire
625 2111 729 2159 iubebo.

129 2214 190 2247 nom
203 2212 287 2261 neque
300 2198 417 2248 diuitibus
428 2199 584 2261 contingunt
596 2199 690 2262 gaudis
705 2198 777 2258 solis,

86 2294 116 2335 1⁰
131 2300 179 2335 nee
191 2288 254 2335 vixit
264 2288 342 2347 mele,
358 2289 401 2350 qui
413 2295 490 2336 nutus
502 2289 667 2351 moriensque
679 2287 781 2336 fefellit.

131 2376 152 2423 si
165 2376 288 2436 prodesse
300 2375 349 2423 tuis
362 2376 493 2438 pauloque
506 2377 642 2440 benignius
654 2377 738 2441 ipsum

129 2469 155 2510 te
170 2469 278 2511 tractare
290 2464 370 2520 voles,
385 2465 493 2513 senodes
507 2464 590 2513 siccus
602 2466 635 2512 ud
648 2473 762 2513 unctum.

129 2549 160 2595 ‘si
173 2550 310 2610 pranderet
322 2551 379 2599 olus
392 2552 528 2613 patienter,
544 2553 646 2615 regibus
659 2553 696 2600 uti

130 2635 211 2683 nollet
222 2637 389 2700 Aristippus.'
413 2640 444 2687 ‘si
457 2639 535 2688 sciret
547 2639 650 2702 regibus
663 2641 710 2698 uti,
