1917 3117
119 203 172 255 m
394 206 568 245 suerranum

54 373 102 413 235
117 378 206 412 cenem
220 378 278 425 ego.
304 372 332 412 tu
344 364 421 427 piscis
435 364 544 412 hiberno
557 377 590 411 ex
602 377 714 426 aequore
726 365 817 411 verris.

119 452 206 515 segnis
219 467 277 514 ego,
292 453 413 515 indiguus
426 452 468 515 qui
480 460 579 500 tantum
591 453 745 515 possideam.
771 452 857 502 aufer.

118 556 191 590 sume
204 542 250 589 tibi
262 542 373 589 deciens.
401 542 446 589 tibi
459 542 619 589 tantundem.
647 541 693 588 tibi
706 541 809 603 triplex,

117 631 186 678 unde
198 644 264 677 uxor
275 629 359 678 media
372 631 448 678 currit
462 631 494 677 de
507 637 584 678 nocte
595 630 706 678 uocata.¹

118 719 184 767 filius
197 719 295 781 Aesopi
309 720 449 768 detraetam
462 733 495 767 ex
507 733 568 767 aure
580 719 709 767 Metellae.

55 815 103 856 240
118 808 215 856 scilicet
226 813 254 855 ut
267 807 370 855 deciens
382 808 493 855 solidum
506 807 663 864 absorberet,
679 814 752 854 aceto

119 897 191 944 diluit
203 896 333 957 insignem
344 896 448 943 bacam:
469 896 513 957 qui
530 897 618 944 sanior
630 910 660 943 ac
673 895 694 942 si

118 985 181 1032 illud
193 984 263 1031 idem
275 984 301 1031 in
315 985 432 1046 rapidum
445 984 540 1032 flumen
554 984 679 1032 iaceretve
692 984 827 1031 cloacam?

119 1072 208 1132 Quinti
221 1073 357 1134 progenies
370 1074 438 1130 Arri,
454 1086 501 1134 pur
512 1073 599 1120 nobile
611 1072 726 1130 fratrum,

118 1160 233 1223 nequitia
245 1168 270 1209 et
284 1162 368 1223 nugis,
383 1175 520 1223 pravorum
533 1169 558 1209 et
571 1176 658 1209 amore
671 1160 818 1223 gemellum,

55 1258 103 1298 tlt
118 1250 239 1298 luscinias
251 1250 321 1297 soliti
333 1250 443 1313 inpenso
456 1250 581 1313 prandere
594 1258 733 1311 cocmptas,

119 1353 240 1401 quorsum
252 1338 363 1386 abeant?
383 1339 458 1387 sanin
471 1347 549 1395 creta,
565 1353 597 1385 an
611 1339 724 1386 carbone
737 1337 838 1387 notati?

120 1426 253 1475 aedificare
266 1440 347 1485 casas,
363 1426 483 1488 plostello
501 1427 641 1489 adiungere
652 1426 740 1484 muris,

118 1515 207 1563 ludere
219 1529 266 1577 par
278 1515 360 1576 inpar,
377 1515 491 1577 equitare
503 1516 531 1563 in
543 1516 668 1564 arundine
681 1516 760 1577 longa

119 1602 218 1665 siquem
230 1602 340 1651 delectet
352 1603 495 1663 barbatum,
511 1603 623 1651 amentia
634 1613 726 1652 verset.

56 1698 103 1740 250
119 1690 140 1738 si
153 1690 274 1753 puerilius
288 1690 327 1738 his
340 1692 404 1739 ratio
417 1705 473 1740 esse
488 1693 588 1741 evincet
599 1707 693 1751 amare,

120 1794 168 1827 nec
182 1780 319 1842 quicquam
332 1780 441 1838 differre,
457 1789 575 1828 utrumne
586 1781 613 1827 in
626 1781 738 1842 pulvere,
753 1782 843 1830 trimus

120 1868 195 1930 quale
208 1868 285 1930 prius,
302 1869 375 1917 ludas
390 1883 462 1931 opus,
483 1883 517 1916 an
530 1868 668 1917 meretricis
681 1884 767 1918 amore

119 1956 243 2005 sollicitus
256 1957 351 2019 plores,
367 1972 471 2019 quaero,
488 1958 602 2005 faciasne
615 1958 684 2020 quod
697 1958 760 2006 olim

118 2054 228 2094 mutatus
241 2045 366 2095 Polemo?
384 2060 467 2109 ponne
479 2045 591 2108 insignia
602 2047 693 2104 morbi,

56 2142 104 2182 tet
119 2133 249 2194 fasciolae,
265 2134 368 2194 cubitel,
384 2135 487 2192 focalia,
504 2143 579 2196 potus
592 2143 621 2183 ut
632 2135 677 2183 ille

120 2223 210 2272 dicitur
223 2236 257 2270 ex
270 2223 338 2272 collo
352 2224 439 2272 furtim
452 2224 578 2285 carpsisse
591 2237 710 2281 coronas,

120 2321 256 2374 postquam
269 2321 308 2360 est
320 2312 435 2375 inpransi
448 2321 581 2373 correptus
595 2326 657 2359 voce
669 2310 804 2373 magistri?
831 2327 833 2332 ·

120 2401 229 2463 porrigis
242 2401 307 2448 irato
321 2414 401 2463 puero
415 2414 472 2447 cum
490 2415 576 2463 poma,
590 2408 700 2449 recusat.

120 2490 209 2548 ‘sumc,
225 2489 336 2537 catelle.’
360 2498 446 2550 negat.
474 2488 495 2536 si
513 2504 565 2536 non
579 2489 634 2546 des,
651 2496 729 2551 optet.
758 2497 861 2537 amator

58 2585 106 2626 260
121 2578 239 2625 exclusus
254 2578 298 2639 qui
310 2577 395 2634 distat,
412 2578 464 2639 agit
475 2576 519 2624 ubi
532 2591 626 2632 secum,
642 2583 684 2625 eat
697 2590 730 2624 an
743 2591 808 2635 non,

122 2680 173 2727 quo
186 2665 312 2713 rediturus
325 2673 380 2713 erat
391 2680 444 2713 non
458 2665 602 2722 arcessitus,
617 2674 642 2713 et
655 2665 744 2713 haeret
