1917 3117
113 171 165 221 116
404 174 567 213 cranmou

78 342 90 381 5
111 332 205 395 rumpit
217 340 242 381 et
255 345 360 394 serpens
373 330 421 380 iter
432 332 585 391 institutum,

112 421 133 469 si
146 436 192 484 per
205 421 337 483 obliquum
350 421 439 469 similis
453 421 562 483 sagittae

111 510 201 559 terruit
212 524 331 558 manuos.
359 525 407 572 ego
421 510 461 558 cui
474 510 568 559 timebo

111 599 230 663 providus
243 613 347 662 auspex,

112 748 249 803 autequam
262 741 351 789 stantis
365 749 463 810 repetat
477 741 585 805 paludes
621 742 652 779 ²³11

62 839 91 879 10
112 830 231 879 imbrium
244 830 330 878 divina
342 831 395 878 avis
409 830 587 888 iuramentum,

112 920 225 968 oscinem
239 934 341 968 corvum
353 935 429 983 prece
441 920 570 968 suscitabo

112 1008 174 1056 solis
188 1010 220 1057 ab
234 1016 299 1057 ortu.

112 1151 147 1199 sis
160 1151 219 1200 licet
231 1151 294 1200 felix
306 1152 459 1214 ubicumque
471 1151 560 1210 mavis,

112 1249 137 1289 et
148 1255 246 1289 memor
257 1242 347 1300 nostri,
364 1240 479 1301 Galatea,
496 1241 579 1300 vivas3

61 1337 90 1377 15
111 1337 186 1392 teque
199 1344 247 1377 nec
259 1329 345 1378 laevus
358 1337 426 1379 vetat
437 1330 475 1379 ire
489 1330 561 1393 picus

111 1433 159 1466 nec
172 1433 238 1480 vaga
250 1419 348 1467 cornix.

111 1560 156 1608 sed
169 1560 239 1609 vides
253 1569 350 1623 quanto
363 1562 471 1625 trepidet
483 1561 592 1609 tumultu

111 1664 208 1712 pronus
222 1647 313 1698 Orion.
341 1664 389 1712 ego
402 1650 462 1712 qnid
476 1650 509 1697 sit
521 1656 575 1698 ater

111 1738 223 1786 Hadriae
237 1738 296 1785 novi
309 1739 379 1786 sinus
394 1745 419 1787 et
433 1739 492 1801 quid
506 1739 580 1787 albus

60 1834 90 1875 20
112 1835 201 1889 peccet
213 1827 299 1890 iapyx.

110 1969 328 2018 hostiumuxores
342 1970 463 2032 puerique
478 1985 567 2019 caecos

112 2058 223 2107 sentiant
235 2066 319 2107 motus
333 2059 435 2107 orientis
453 2060 531 2108 austri
544 2069 569 2109 et

112 2147 230 2210 aequoris
243 2147 309 2211 nigri
322 2131 452 2196 fremitum'
460 2156 485 2196 ct
497 2150 628 2198 trementis

111 2237 215 2284 verbere
227 2235 306 2299 ripas.

60 2386 90 2425 25
111 2379 148 2425 sic
161 2385 186 2426 et
198 2378 300 2441 Europe
314 2377 414 2426 niveum
429 2379 521 2427 doloso

111 2466 218 2513 credidit
230 2474 304 2514 tauro
318 2466 384 2515 latus
404 2474 429 2516 et
441 2477 581 2518 scatentem

111 2554 192 2602 beluis
207 2563 314 2617 pontum
326 2556 475 2619 mediasque
488 2558 590 2608 fraudas
661 2629 663 2632 v

111 2642 201 2705 palluit
213 2644 306 2692 audax.
