1917 3117
406 193 496 231 LIBER
508 193 528 230 1.

107 349 165 397 fidis
178 348 294 397 offendar
305 350 421 409 medicis,
435 350 532 397 irascar
544 349 641 408 amicis,

64 446 93 487 lo
108 452 153 486 cur
165 452 206 487 me
219 438 322 486 funesto
335 445 472 501 properent
486 453 572 487 arcere
585 446 705 498 vetern03

107 541 173 590 quac
184 541 295 576 nocuere
306 541 407 589 sequar,
417 526 516 589 fugiam
526 541 592 589 quae
602 526 830 589 proforecredam3

106 615 204 665 Romae
217 615 297 664 Tibur
310 631 393 664 amem
405 623 536 674 ventosus,
551 614 647 663 Tibure
659 614 777 664 Romam.

106 705 251 768 posthaec,
266 712 294 752 ut
306 705 399 765 valeat,
414 719 467 767 quo
480 711 557 766 pacto
570 717 625 751 rem
637 711 711 766 gerat
723 711 748 753 et
759 717 797 763 se,

107 801 136 841 ut
147 794 250 856 placeat
261 793 345 842 iuveni
359 802 511 857 percontare
522 800 600 855 utque
612 792 722 840 cohorti.

62 889 93 929 tt
107 881 129 929 si
142 882 210 929 dicet
221 881 318 940 ‘recta’
329 882 438 945 primum
451 881 572 943 gaudere,
587 881 697 930 subinde

107 977 272 1033 praeceptum
283 970 402 1018 auriculis
416 971 466 1019 hoc
477 970 606 1018 instillare
618 978 758 1029 memento,

107 1066 135 1107 ut
147 1066 175 1107 tu
187 1058 325 1118 somnam,
341 1059 378 1107 sic
389 1073 438 1134 uus
451 1067 485 1118 te,
501 1058 585 1118 Celsa,
601 1058 723 1107 feremus,

121 1288 133 1312 d

426 1430 511 1479 VIIII.

108 1588 256 1652 Septimius,
272 1588 374 1650 Claudi,
388 1590 509 1638 nimirum
521 1591 649 1653 intellegit
660 1606 735 1650 uuus,

107 1678 197 1740 quanti
210 1691 250 1725 me
263 1676 351 1725 sacius.
378 1692 438 1726 nam
452 1693 510 1727 cum
522 1687 597 1741 rogat
609 1687 635 1727 et
646 1694 721 1742 prece
734 1679 803 1741 cogit

107 1766 206 1814 scilicet
219 1773 247 1812 ut
258 1765 304 1813 tibi
317 1779 344 1814 se
358 1766 463 1815 laudare
477 1774 503 1815 et
514 1768 617 1815 tradere
629 1782 716 1826 coner,

107 1854 213 1915 dignum
225 1860 311 1901 mente
325 1853 454 1917 domoque
466 1855 575 1918 legentis
588 1856 698 1904 honesta
709 1855 818 1904 Neronis
828 1872 835 1914 3

78 1952 91 1992 5
106 1956 212 1991 munere
224 1955 282 1990 cum
295 1941 369 2004 fungi
382 1943 508 2006 propioris
521 1952 609 1992 censet
621 1943 711 2004 amici;

107 2032 169 2095 quid
182 2030 279 2094 possim
291 2029 360 2078 videt
376 2045 406 2079 ac
419 2032 491 2079 novit
502 2046 544 2081 me
556 2032 654 2080 valdius
667 2033 735 2095 ipso.

106 2121 187 2169 multa
200 2120 303 2182 quidem
316 2119 378 2179 dixi,
393 2134 439 2167 cur
450 2129 587 2169 excusatus
600 2120 712 2182 abirem;

106 2209 151 2257 sed
163 2208 236 2256 timui
246 2223 305 2257 meu
317 2223 350 2256 ue
363 2208 469 2257 finxisse
481 2210 582 2258 minora
595 2217 706 2272 putarer,

107 2296 282 2345 dissimulator
294 2298 351 2360 opis
364 2298 494 2360 propriae,
508 2298 571 2346 mihi
583 2299 734 2347 commodus
746 2299 800 2347 uni.

61 2396 91 2436 10
107 2388 143 2434 sic
157 2400 215 2448 ego,
231 2386 336 2434 maioris
349 2386 451 2448 fugiens
466 2388 606 2451 opprobria
618 2389 718 2450 culpae,

32 2478 34 2480 ’
106 2475 199 2524 frontis
211 2476 244 2522 ad
256 2476 372 2524 urbanae
386 2477 507 2525 descendi
519 2476 642 2539 praemia.
670 2475 762 2538 quodsi

108 2564 253 2627 depositum
265 2565 355 2613 laudas
368 2565 401 2612 cb
415 2565 490 2614 amici
502 2565 572 2613 iussa
584 2565 718 2628 pudorem,

108 2652 190 2701 scribe
202 2653 238 2701 tui
250 2653 335 2716 gregis
349 2652 418 2702 hunc
431 2662 456 2703 et
468 2655 560 2703 fortem
573 2655 647 2703 crede
661 2655 808 2716 bonumque

389 2805 550 2812 -———.
