1917 3117
142 196 194 247 290
397 178 610 239 concinnanti

477 515 526 564 XI.

142 707 209 769 Quid
222 710 268 759 tibi
280 710 335 757 visa
347 708 434 768 Chios,
449 709 555 769 Bullati,
570 718 684 772 notaque
697 711 807 771 Lesbos,

142 798 203 860 quid
216 798 346 847 concinna
357 796 459 857 Samos,
474 798 535 859 quid
549 797 639 847 Croesi
650 799 723 861 regia
735 797 835 857 Sardis,

143 884 253 948 Smyrna
267 886 327 949 quid
341 884 528 948 etOolophoni
541 887 878 936 maioramiuorenefama?

142 982 267 1023 cunctane
284 988 346 1038 prae
358 988 451 1036 cumpo
464 982 490 1022 et
502 973 624 1022 Tiberino
637 974 742 1023 flumine
755 975 873 1031 sordent,

114 1072 127 1111 t
141 1078 175 1111 nn
189 1064 296 1112 venitin
308 1070 395 1112 votum
406 1062 526 1111 Attalicis
540 1076 572 1110 ex
584 1063 689 1111 urbibus
702 1078 762 1123 unu,

141 1167 174 1200 on
188 1151 321 1200 Lebedum
333 1152 423 1200 laudas
436 1151 498 1199 odio
510 1151 587 1199 maiis
600 1159 676 1213 atque
689 1151 803 1201 viarum?

141 1240 199 1288 ‘scis
212 1239 332 1289 Lebedus
345 1240 406 1302 qnid
419 1240 459 1288 eit.
490 1238 578 1288 Gabiis
591 1240 718 1288 desertior
729 1247 808 1302 atque

141 1329 243 1377 Fidenis
257 1328 341 1376 meus:
363 1335 449 1376 tumen
461 1328 515 1376 illic
527 1328 610 1375 vivere
622 1326 722 1386 vellem,

143 1419 290 1479 oblitusque
302 1431 427 1475 meorum,
443 1415 633 1464 obliviscendus
647 1416 746 1475 stillis,

99 1512 128 1553 10
142 1505 290 1569 Neptunum
302 1505 391 1567 procul
404 1518 418 1552 e
430 1512 499 1552 terre
511 1510 627 1566 spectare
639 1503 787 1553 furentem?

142 1593 188 1641 sed
201 1607 285 1655 neque
297 1593 342 1655 qui
355 1591 444 1655 Cepuu
456 1591 566 1640 Romam
578 1592 648 1654 petit,
663 1592 746 1641 imbre
758 1594 871 1656 lutoque

143 1681 289 1744 adspersus,
304 1682 373 1729 volet
384 1681 412 1728 in
423 1695 544 1745 caupona
555 1680 653 1740 vivere3
674 1696 722 1730 nec
734 1682 777 1745 qui

142 1769 223 1832 frigus
237 1769 353 1832 collegit,
366 1769 457 1817 furnos
470 1777 496 1818 st
508 1769 602 1817 balnea
614 1770 703 1818 laudat

142 1867 171 1907 ut
182 1858 339 1906 fortunatum
352 1857 428 1921 plene
440 1857 597 1921 praestantia
609 1858 701 1918 vitam;

99 1953 128 1995 tt
142 1961 192 1994 nec
205 1946 227 1994 si
240 1954 266 1995 te
278 1946 378 1994 validus
389 1944 521 1995 iactaverit
533 1955 619 1994 auster
631 1946 659 1994 in
671 1947 734 2005 alto,

142 2036 238 2084 idcirco
251 2049 342 2083 navem
354 2043 425 2082 treus
437 2036 570 2096 Aegaeum
583 2050 652 2084 incre
664 2036 769 2083 vendas.

141 2123 264 2172 incolumi
276 2122 383 2171 Rhodos
396 2131 421 2171 et
431 2120 555 2184 Mytilene
568 2124 677 2186 pulchra
688 2123 750 2172 facit
762 2126 834 2186 quod

142 2213 254 2274 paenula
266 2211 385 2269 solstitie,
401 2220 544 2273 campestre
557 2211 682 2261 nivalibus
694 2212 772 2270 auris,

142 2314 189 2363 per
202 2301 317 2348 brumam
329 2299 438 2359 liberis,
454 2301 539 2348 sextili
550 2314 639 2349 mense
652 2301 775 2349 samium.

97 2395 128 2436 20
143 2389 203 2436 dum
217 2389 278 2437 licet
289 2402 319 2435 ec
332 2388 429 2438 voltum
441 2397 525 2438 servet
537 2390 650 2437 Fortuna
662 2389 812 2450 benignum,

143 2475 242 2525 Romae
253 2477 370 2525 laudetur
383 2475 474 2525 Samos
489 2485 514 2525 et
526 2476 604 2525 Chios
618 2485 643 2526 et
653 2477 760 2526 Rhodos
772 2478 884 2528 absens.

142 2572 171 2611 tn
184 2578 368 2626 quamcumque
381 2566 444 2613 deus
456 2565 502 2614 tibi
514 2565 681 2614 fortunaverit
693 2566 784 2614 horum

143 2659 217 2712 grata
229 2665 301 2700 eunte
313 2666 400 2711 manu,
415 2667 468 2702 neu
480 2653 566 2701 dulcia
578 2653 652 2702 differ
664 2655 692 2702 iu
705 2668 818 2714 annum3
