1917 3117
390 208 480 246 man
493 207 514 244 1.
764 201 816 252 Μ

91 379 179 413 verum
190 365 234 413 ubi
246 364 307 427 quid
320 364 410 414 melius
422 363 550 426 contingit
562 371 588 410 et
601 364 711 421 metius,
725 362 795 410 idem

46 462 78 501 45
93 467 137 501 vos
150 466 240 515 sapere
252 461 278 502 et
289 453 361 501 solos
373 452 415 501 aio
429 453 496 500 bene
507 451 600 507 rivere,
615 464 725 512 quorum

93 541 250 604 conspicitur
261 540 348 589 nitidis
359 540 467 589 fundata
478 540 590 602 pecunie
601 538 678 587 villis.

416 909 490 957 XVI.

92 1070 130 1120 Ne
143 1070 300 1134 perconteris
313 1069 407 1118 fundus
419 1084 500 1128 meus,
514 1069 611 1132 optimc
623 1066 722 1128 Quinti,

92 1172 153 1206 arvo
167 1166 257 1222 pascat
268 1171 340 1206 erum
352 1172 386 1205 an
398 1157 468 1206 bacis
481 1158 616 1219 opulentet
627 1157 721 1215 olivae,

93 1248 211 1310 pomisne
223 1260 256 1294 au
269 1246 347 1310 pratis
361 1261 394 1293 au
406 1245 500 1294 amiota
511 1245 604 1293 ritibus
616 1246 697 1305 ulmo,

92 1336 216 1385 scribetur
227 1335 273 1384 tibi
285 1334 370 1383 forma
381 1335 524 1397 loquaciter
536 1341 562 1382 et
574 1333 637 1382 situs
650 1335 715 1396 agri.

65 1432 78 1472 5
93 1424 208 1473 continui
219 1431 329 1482 montes,
344 1424 372 1471 ni
385 1423 557 1472 dissocientur
568 1436 653 1486 opaca

94 1513 169 1572 valle,
184 1512 228 1562 scd
242 1520 271 1561 ut
282 1512 388 1561 veniens
401 1512 519 1562 dexuum
531 1512 597 1560 lame
611 1510 719 1574 aspiciat
731 1510 781 1567 sol,

94 1601 194 1649 laevum
207 1601 333 1648 decedens
346 1615 422 1648 curru
433 1600 549 1663 fugiente
560 1609 676 1663 vaporet.

22 1718 24 1727 ι
93 1687 242 1750 temperiem
254 1688 352 1736 laudes.
380 1689 450 1751 quid,
466 1690 487 1737 si
500 1689 643 1737 rubicunda
654 1688 784 1750 benignae

94 1789 174 1824 corne
185 1789 274 1837 vepres
286 1784 312 1823 et
324 1790 408 1838 pruna
418 1776 519 1825 lerant?
537 1777 559 1825 si
571 1790 681 1839 quercus
693 1783 719 1825 et
729 1776 783 1824 ilex

45 1873 78 1915 10
92 1863 175 1912 mults
186 1862 261 1924 fruge
272 1876 359 1926 pecus,
374 1864 454 1912 multe
466 1864 599 1913 dominum
610 1865 679 1913 iuvet
690 1864 801 1913 umbra?

93 1951 164 1999 dicas
177 1951 315 1999 adductum
327 1952 431 2015 propius
444 1953 567 2001 frondere
578 1954 726 2002 Tarentum.

93 2041 154 2089 lons
167 2041 243 2089 edum
254 2040 308 2088 rivo
321 2040 383 2088 dare
395 2053 491 2088 nomen
503 2039 620 2098 idoneus,
635 2048 664 2088 ut
675 2054 724 2089 nec

93 2127 211 2190 frigidior
222 2128 349 2177 Thracam
360 2142 409 2177 nec
421 2129 510 2191 purior
521 2130 617 2177 ambiat
628 2128 739 2189 Hebrus,

10 2204 13 2215 ⁸
92 2218 194 2265 infirmo
208 2217 284 2280 capiti
297 2216 353 2265 fluit
365 2217 442 2277 utilis,
456 2217 527 2265 utilis
540 2217 608 2265 alvo.

47 2316 79 2356 15
94 2307 143 2354 hae
155 2306 269 2354 latebrae
283 2306 371 2354 dulces
385 2314 418 2365 et,
433 2306 520 2353 iamsi
533 2306 624 2364 credis,
640 2312 785 2366 amoenae,‘

92 2394 240 2443 incolumen
252 2395 297 2443 tibi
309 2408 351 2442 me
363 2402 497 2457 praestent
508 2395 693 2458 septembribus
707 2396 786 2444 horis,

94 2493 123 2531 tu
134 2492 203 2532 recte
215 2483 286 2543 vivis,
301 2483 322 2531 si
335 2497 408 2531 curas
422 2497 478 2531 esse
492 2482 560 2545 quod
573 2482 656 2531 audis.

92 2572 216 2620 iactamus
227 2572 279 2619 iam
291 2572 389 2636 pridem
401 2571 486 2620 omnis
499 2578 524 2619 te
536 2571 619 2619 Rome
632 2573 749 2621 beatum:

94 2657 140 2707 sed
152 2672 243 2708 vereor
255 2674 288 2708 ue
301 2660 342 2709 cui
355 2661 387 2709 de
400 2668 425 2710 te
437 2661 497 2726 plus
509 2675 587 2724 quam
598 2661 644 2709 tibi
656 2662 756 2719 credas,
