1917 3117
378 193 469 231 letlt
480 193 539 230 1111.

84 362 111 403 et
123 353 279 416 quandoque
292 351 423 413 potentior

85 442 152 505 largi
163 441 311 490 muneribus
324 440 408 489 riserit
420 440 524 499 aemuli,

85 533 204 581 Albanos
217 545 298 594 prope
310 537 336 578 te
349 529 419 577 lacus

30 630 64 670 to
88 628 168 685 ponet
179 634 347 669 marmoream
359 620 406 668 snb
419 620 492 668 trabe
504 619 591 668 citrea.

87 764 140 812 illic
153 762 263 826 plurimu
275 762 379 812 naribus

88 853 165 900 duces
178 860 244 910 tura,
259 852 366 914 lyraqne
379 861 404 900 et
416 850 571 914 Berecyntia

89 941 250 990 delectabere
263 940 325 989 tibia

88 1030 173 1078 mixtis
187 1030 340 1078 carminibus
354 1045 408 1078 non
421 1030 477 1078 sine
491 1030 592 1088 fistula;

33 1183 67 1224 tt
88 1173 142 1222 illic
155 1172 194 1221 bie
206 1172 279 1235 pueri
292 1172 333 1221 die

88 1276 184 1310 numen
196 1276 255 1310 cum
266 1261 361 1311 teneris
374 1262 514 1325 virginibus
526 1269 598 1309 tuum

89 1351 223 1399 laudantes
235 1351 301 1413 pede
314 1351 424 1400 candido

89 1441 116 1488 in
129 1439 227 1488 morem
240 1437 339 1487 Salium
350 1447 390 1489 ter
403 1441 518 1503 quatient
530 1440 644 1488 humum.

90 1598 130 1632 me
143 1597 192 1631 nee
204 1582 301 1630 semina
312 1597 361 1631 nec
373 1597 437 1646 puer

34 1683 69 1725 30
89 1674 150 1732 iam,
165 1686 214 1720 nee
226 1686 286 1734 spes
299 1671 377 1720 animi
391 1673 495 1722 credula
507 1673 596 1730 mutui,

90 1777 138 1811 nec
152 1769 249 1810 certare
261 1761 330 1809 iuvat
342 1776 423 1821 mere,

3 1898 10 1908 ,
90 1867 139 1901 nec
151 1850 247 1899 vincire
261 1850 333 1898 novis
346 1851 589 1914 temperatioribus.

90 1994 203 2051 sedeur,
218 1993 277 2051 heu,
293 1992 424 2056 Ligurine,
440 2009 486 2043 eur

90 2090 179 2131 manat
191 2096 249 2130 rara
261 2097 331 2130 meas
343 2083 449 2131 lacrima
461 2099 509 2147 per
520 2084 618 2146 genas?

36 2183 71 2224 35
93 2188 139 2221 cur
150 2172 263 2220 facunda
275 2186 365 2233 parum
379 2172 471 2220 decoro

91 2263 158 2311 inter
170 2261 248 2308 verba
260 2260 327 2308 cadit
339 2260 429 2323 lingua
441 2261 560 2309 silentio?

91 2403 224 2453 nocturnis
237 2417 286 2465 ego
299 2403 403 2451 somniis

90 2494 143 2542 iam
155 2501 259 2562 ruptum
271 2500 355 2551 teneo,
371 2493 422 2540 iarn
435 2494 565 2542 volucrem
577 2506 672 2555 sequor

91 2591 118 2632 te
131 2597 178 2646 per
190 2582 307 2645 gramina
319 2582 404 2630 Mamii

34 2682 71 2723 4ο
93 2673 186 2735 campi,
202 2680 227 2719 te
241 2686 287 2734 per
299 2685 389 2734 aquas,
406 2672 476 2732 dure,
492 2671 611 2720 volubilis
