1917 3117
335 500 366 579 e.
386 500 524 567 uuum
547 497 667 565 ulcu
746 501 752 516 ·

278 650 306 739 E
359 651 388 738 P
443 647 471 740 0
527 650 557 738 Ι)
615 647 643 740 0
698 645 728 736 Ν

451 861 551 899 LIBER.

492 1019 513 1067 I.

127 1164 179 1214 Ibis
192 1164 312 1212 Liburnis
325 1164 391 1211 inter
402 1163 457 1211 altu
469 1161 581 1221 navium,

128 1255 217 1312 amice,
233 1251 436 1315 propugnacula,

129 1351 231 1406 paratus
245 1356 322 1390 omne
335 1340 452 1390 Caesaris
469 1340 612 1403 perieulum

128 1432 222 1490 subire,
237 1431 383 1483 Maecenas!
399 1437 453 1477 tue.

95 1529 107 1568 5
129 1520 189 1584 quid
202 1519 268 1568 nes?
288 1519 379 1582 quibus
392 1525 417 1566 te
430 1518 482 1566 vite
494 1518 515 1565 ei
528 1517 665 1581 superstite
734 1543 742 1563 ·

128 1608 249 1668 iucunde,
263 1609 284 1656 si
297 1614 394 1667 eontra,
410 1606 504 1669 grevis.

128 1685 246 1746 utrumne
257 1696 320 1744 iussi
333 1711 517 1760 persequemur
529 1696 617 1754 otium,

129 1800 182 1834 nen
196 1786 279 1845 dulce,
295 1786 322 1833 ni
333 1793 418 1834 teeum
431 1785 515 1844 simul,

129 1890 161 1923 en
175 1875 244 1923 hune
256 1875 371 1923 laborem
383 1882 468 1922 mente
480 1874 565 1933 laturi,
581 1874 654 1922 decet

79 1972 108 2012 10
129 1978 180 2026 que
192 1963 260 2012 ferre
273 1979 327 2012 neu
339 1963 425 2013 mellis
438 1962 523 2011 vires?

128 2052 239 2101 feremus
252 2063 277 2102 et
289 2061 314 2102 te
326 2053 366 2101 vel
379 2068 424 2115 per
438 2052 545 2115 Alpium
557 2052 618 2115 iuge

128 2142 311 2214 inhospitalem
325 2149 349 2189 et
363 2139 515 2201 Caueesum,

129 2232 169 2279 vel
183 2230 323 2278 occidentis
336 2244 417 2293 usque
430 2230 461 2277 ud
475 2230 592 2278 ultimum
605 2229 689 2276 simun

128 2320 189 2369 ferti
203 2333 338 2382 sequemur
349 2327 462 2382 pectore.

79 2417 108 2457 15
129 2422 205 2471 roges
218 2416 290 2457 tuum
303 2407 392 2456 labere
406 2408 464 2470 quid
478 2407 562 2455 iuvem
574 2420 632 2455 mee

129 2496 232 2546 inbellis
246 2511 275 2545 ae
289 2498 375 2544 firmus
389 2510 489 2559 perum.

130 2599 214 2634 eomes
227 2586 327 2633 minere
340 2598 395 2632 sum
408 2584 508 2632 futurus
521 2584 548 2632 iu
561 2591 639 2641 metu,

130 2675 174 2737 qui
186 2674 268 2722 maior
280 2673 394 2721 absentis
408 2673 498 2733 hebet3
