<?xml version="1.0" encoding="UTF-8"?>
<!DOCTYPE html PUBLIC "-//W3C//DTD XHTML 1.0 Transitional//EN"
    "http://www.w3.org/TR/xhtml1/DTD/xhtml1-transitional.dtd">
<html xmlns="http://www.w3.org/1999/xhtml" xml:lang="en" lang="en">
 <head>
  <title>
</title>
<meta http-equiv="Content-Type" content="text/html;charset=utf-8" />
  <meta name='ocr-system' content='tesseract 3.04.00' />
  <meta name='ocr-capabilities' content='ocr_page ocr_carea ocr_par ocr_line ocrx_word'/>
</head>
<body>
  <div class='ocr_page' id='page_1' title='image "./opera00haupgoog_0318.png"; bbox 0 0 1917 3117; ppageno 0'>
   <div class='ocr_carea' id='block_1_1' title="bbox 125 170 595 220">
    <p class='ocr_par' dir='ltr' id='par_1_1' title="bbox 125 170 595 220">
     <span class='ocr_line' id='line_1_1' title="bbox 125 170 595 220; baseline 0.009 -12"><span class='ocrx_word' id='word_1_1' title='bbox 125 170 180 220; x_wconf 69' lang='lat'><strong>2⁹4</strong></span> <span class='ocrx_word' id='word_1_2' title='bbox 381 172 595 214; x_wconf 74' lang='lat' dir='ltr'><strong>nrrsrunaron</strong></span> 
     </span>
    </p>
   </div>
   <div class='ocr_carea' id='block_1_2' title="bbox 74 331 867 2686">
    <p class='ocr_par' dir='ltr' id='par_1_2' title="bbox 125 331 838 571">
     <span class='ocr_line' id='line_1_2' title="bbox 125 331 838 393; baseline 0 -16"><span class='ocrx_word' id='word_1_3' title='bbox 125 331 216 378; x_wconf 89' lang='lat' dir='ltr'><strong>stultus</strong></span> <span class='ocrx_word' id='word_1_4' title='bbox 229 337 335 393; x_wconf 87' lang='lat' dir='ltr'><strong>uterque</strong></span> <span class='ocrx_word' id='word_1_5' title='bbox 348 332 433 380; x_wconf 91' lang='lat' dir='ltr'><strong>locum</strong></span> <span class='ocrx_word' id='word_1_6' title='bbox 444 331 592 379; x_wconf 90' lang='lat' dir='ltr'><strong>inmeritum</strong></span> <span class='ocrx_word' id='word_1_7' title='bbox 604 338 725 378; x_wconf 76' lang='lat' dir='ltr'><strong>causatur</strong></span> <span class='ocrx_word' id='word_1_8' title='bbox 735 331 838 392; x_wconf 82' lang='lat' dir='ltr'><strong>inique:</strong></span> 
     </span>
     <span class='ocr_line' id='line_1_3' title="bbox 125 418 824 482; baseline 0 -17"><span class='ocrx_word' id='word_1_9' title='bbox 125 418 154 465; x_wconf 93' lang='lat' dir='ltr'><strong>in</strong></span> <span class='ocrx_word' id='word_1_10' title='bbox 167 419 243 480; x_wconf 89' lang='lat' dir='ltr'><strong>culpa</strong></span> <span class='ocrx_word' id='word_1_11' title='bbox 256 427 295 468; x_wconf 88' lang='lat' dir='ltr'><strong>est</strong></span> <span class='ocrx_word' id='word_1_12' title='bbox 306 420 416 479; x_wconf 87' lang='lat' dir='ltr'><strong>animus,</strong></span> <span class='ocrx_word' id='word_1_13' title='bbox 433 419 476 482; x_wconf 91' lang='lat' dir='ltr'><strong>qni</strong></span> <span class='ocrx_word' id='word_1_14' title='bbox 489 434 518 468; x_wconf 89' lang='lat' dir='ltr'><strong>se</strong></span> <span class='ocrx_word' id='word_1_15' title='bbox 529 433 583 468; x_wconf 88' lang='lat' dir='ltr'><strong>nou</strong></span> <span class='ocrx_word' id='word_1_16' title='bbox 596 420 684 481; x_wconf 83' lang='lat' dir='ltr'><strong>effugit</strong></span> <span class='ocrx_word' id='word_1_17' title='bbox 694 433 824 482; x_wconf 87' lang='lat' dir='ltr'><strong>umquam.</strong></span> 
     </span>
     <span class='ocr_line' id='line_1_4' title="bbox 125 507 706 571; baseline 0.002 -17"><span class='ocrx_word' id='word_1_18' title='bbox 125 514 152 554; x_wconf 90' lang='lat' dir='ltr'><strong>tu</strong></span> <span class='ocrx_word' id='word_1_19' title='bbox 164 507 330 556; x_wconf 77' lang='lat' dir='ltr'><strong>mediastinus</strong></span> <span class='ocrx_word' id='word_1_20' title='bbox 343 508 420 556; x_wconf 85' lang='lat' dir='ltr'><strong>tacita</strong></span> <span class='ocrx_word' id='word_1_21' title='bbox 432 521 509 570; x_wconf 88' lang='lat' dir='ltr'><strong>prece</strong></span> <span class='ocrx_word' id='word_1_22' title='bbox 520 521 580 555; x_wconf 85' lang='lat' dir='ltr'><strong>rura</strong></span> <span class='ocrx_word' id='word_1_23' title='bbox 591 509 706 571; x_wconf 84' lang='lat' dir='ltr'><strong>petebas,</strong></span> 
     </span>
    </p>

    <p class='ocr_par' dir='ltr' id='par_1_3' title="bbox 81 596 867 1012">
     <span class='ocr_line' id='line_1_5' title="bbox 81 596 766 659; baseline 0.001 -18"><span class='ocrx_word' id='word_1_24' title='bbox 81 602 110 641; x_wconf 77' lang='lat' dir='ltr'><strong>lt</strong></span> <span class='ocrx_word' id='word_1_25' title='bbox 126 609 194 642; x_wconf 90' lang='lat' dir='ltr'><strong>nunc</strong></span> <span class='ocrx_word' id='word_1_26' title='bbox 206 596 295 645; x_wconf 87' lang='lat' dir='ltr'><strong>urbem</strong></span> <span class='ocrx_word' id='word_1_27' title='bbox 307 605 333 644; x_wconf 92' lang='lat' dir='ltr'><strong>et</strong></span> <span class='ocrx_word' id='word_1_28' title='bbox 344 597 419 644; x_wconf 88' lang='lat' dir='ltr'><strong>ludos</strong></span> <span class='ocrx_word' id='word_1_29' title='bbox 432 604 458 644; x_wconf 88' lang='lat' dir='ltr'><strong>et</strong></span> <span class='ocrx_word' id='word_1_30' title='bbox 470 597 563 644; x_wconf 83' lang='lat' dir='ltr'><strong>balnea</strong></span> <span class='ocrx_word' id='word_1_31' title='bbox 575 596 664 644; x_wconf 78' lang='lat' dir='ltr'><strong>vilicus</strong></span> <span class='ocrx_word' id='word_1_32' title='bbox 677 605 766 659; x_wconf 86' lang='lat' dir='ltr'><strong>optas:</strong></span> 
     </span>
     <span class='ocr_line' id='line_1_6' title="bbox 124 684 741 744; baseline 0.003 -14"><span class='ocrx_word' id='word_1_33' title='bbox 124 697 167 731; x_wconf 92' lang='lat' dir='ltr'><strong>mc</strong></span> <span class='ocrx_word' id='word_1_34' title='bbox 179 691 299 732; x_wconf 73' lang='lat' dir='ltr'><strong>constare</strong></span> <span class='ocrx_word' id='word_1_35' title='bbox 312 684 374 732; x_wconf 88' lang='lat' dir='ltr'><strong>mihi</strong></span> <span class='ocrx_word' id='word_1_36' title='bbox 387 685 436 732; x_wconf 89' lang='lat' dir='ltr'><strong>scis</strong></span> <span class='ocrx_word' id='word_1_37' title='bbox 449 691 474 732; x_wconf 88' lang='lat' dir='ltr'><strong>ct</strong></span> <span class='ocrx_word' id='word_1_38' title='bbox 487 685 619 733; x_wconf 77' lang='lat' dir='ltr'><strong>discedere</strong></span> <span class='ocrx_word' id='word_1_39' title='bbox 632 685 741 744; x_wconf 80' lang='lat' dir='ltr'><strong>tristem,</strong></span> 
     </span>
     <span class='ocr_line' id='line_1_7' title="bbox 125 772 795 835; baseline 0.003 -17"><span class='ocrx_word' id='word_1_40' title='bbox 125 773 340 835; x_wconf 82' lang='lat' dir='ltr'><strong>quandocumque</strong></span> <span class='ocrx_word' id='word_1_41' title='bbox 352 773 456 821; x_wconf 86' lang='lat' dir='ltr'><strong>trahunt</strong></span> <span class='ocrx_word' id='word_1_42' title='bbox 467 772 549 821; x_wconf 85' lang='lat' dir='ltr'><strong>invisa</strong></span> <span class='ocrx_word' id='word_1_43' title='bbox 561 773 666 834; x_wconf 83' lang='lat' dir='ltr'><strong>negotia</strong></span> <span class='ocrx_word' id='word_1_44' title='bbox 677 772 795 821; x_wconf 87' lang='lat' dir='ltr'><strong>Romam.</strong></span> 
     </span>
     <span class='ocr_line' id='line_1_8' title="bbox 126 860 735 909; baseline 0.003 -2"><span class='ocrx_word' id='word_1_45' title='bbox 126 874 178 908; x_wconf 92' lang='lat' dir='ltr'><strong>non</strong></span> <span class='ocrx_word' id='word_1_46' title='bbox 192 861 281 909; x_wconf 87' lang='lat' dir='ltr'><strong>cadem</strong></span> <span class='ocrx_word' id='word_1_47' title='bbox 293 863 428 909; x_wconf 83' lang='lat' dir='ltr'><strong>miramur:</strong></span> <span class='ocrx_word' id='word_1_48' title='bbox 450 874 482 909; x_wconf 87' lang='lat' dir='ltr'><strong>eo</strong></span> <span class='ocrx_word' id='word_1_49' title='bbox 496 860 658 909; x_wconf 84' lang='lat' dir='ltr'><strong>disconvenit</strong></span> <span class='ocrx_word' id='word_1_50' title='bbox 668 861 735 909; x_wconf 88' lang='lat' dir='ltr'><strong>inter</strong></span> 
     </span>
     <span class='ocr_line' id='line_1_9' title="bbox 124 949 867 1012; baseline 0 -16"><span class='ocrx_word' id='word_1_51' title='bbox 124 963 217 1011; x_wconf 89' lang='lat' dir='ltr'><strong>meque</strong></span> <span class='ocrx_word' id='word_1_52' title='bbox 230 958 256 998; x_wconf 89' lang='lat' dir='ltr'><strong>et</strong></span> <span class='ocrx_word' id='word_1_53' title='bbox 269 956 303 997; x_wconf 88' lang='lat' dir='ltr'><strong>te.</strong></span> <span class='ocrx_word' id='word_1_54' title='bbox 324 963 386 997; x_wconf 85' lang='lat' dir='ltr'><strong>nam</strong></span> <span class='ocrx_word' id='word_1_55' title='bbox 399 963 465 1011; x_wconf 87' lang='lat' dir='ltr'><strong>quac</strong></span> <span class='ocrx_word' id='word_1_56' title='bbox 478 949 580 997; x_wconf 88' lang='lat' dir='ltr'><strong>deserta</strong></span> <span class='ocrx_word' id='word_1_57' title='bbox 592 956 618 997; x_wconf 90' lang='lat' dir='ltr'><strong>et</strong></span> <span class='ocrx_word' id='word_1_58' title='bbox 629 949 760 1012; x_wconf 85' lang='lat' dir='ltr'><strong>inhospita</strong></span> <span class='ocrx_word' id='word_1_59' title='bbox 773 956 867 1011; x_wconf 80' lang='lat' dir='ltr'><strong>tesqua</strong></span> 
     </span>
    </p>

    <p class='ocr_par' dir='ltr' id='par_1_4' title="bbox 78 1037 865 1453">
     <span class='ocr_line' id='line_1_10' title="bbox 78 1037 809 1099; baseline 0.003 -15"><span class='ocrx_word' id='word_1_60' title='bbox 78 1043 110 1085; x_wconf 78' lang='lat'><strong>20</strong></span> <span class='ocrx_word' id='word_1_61' title='bbox 125 1038 217 1097; x_wconf 89' lang='lat' dir='ltr'><strong>credis,</strong></span> <span class='ocrx_word' id='word_1_62' title='bbox 233 1051 344 1086; x_wconf 89' lang='lat' dir='ltr'><strong>amoena</strong></span> <span class='ocrx_word' id='word_1_63' title='bbox 355 1044 430 1085; x_wconf 84' lang='lat' dir='ltr'><strong>vocat</strong></span> <span class='ocrx_word' id='word_1_64' title='bbox 441 1051 542 1085; x_wconf 88' lang='lat' dir='ltr'><strong>mecum</strong></span> <span class='ocrx_word' id='word_1_65' title='bbox 555 1037 598 1099; x_wconf 88' lang='lat' dir='ltr'><strong>qui</strong></span> <span class='ocrx_word' id='word_1_66' title='bbox 611 1037 698 1095; x_wconf 85' lang='lat' dir='ltr'><strong>sentit,</strong></span> <span class='ocrx_word' id='word_1_67' title='bbox 716 1045 742 1085; x_wconf 89' lang='lat' dir='ltr'><strong>et</strong></span> <span class='ocrx_word' id='word_1_68' title='bbox 754 1037 809 1086; x_wconf 90' lang='lat' dir='ltr'><strong>odit</strong></span> 
     </span>
     <span class='ocr_line' id='line_1_11' title="bbox 125 1125 865 1189; baseline 0.001 -16"><span class='ocrx_word' id='word_1_69' title='bbox 125 1140 190 1189; x_wconf 90' lang='lat' dir='ltr'><strong>quae</strong></span> <span class='ocrx_word' id='word_1_70' title='bbox 203 1133 230 1174; x_wconf 91' lang='lat' dir='ltr'><strong>tu</strong></span> <span class='ocrx_word' id='word_1_71' title='bbox 242 1126 349 1188; x_wconf 83' lang='lat' dir='ltr'><strong>pulchra</strong></span> <span class='ocrx_word' id='word_1_72' title='bbox 361 1133 446 1188; x_wconf 83' lang='lat' dir='ltr'><strong>putes.</strong></span> <span class='ocrx_word' id='word_1_73' title='bbox 473 1125 562 1173; x_wconf 83' lang='lat' dir='ltr'><strong>fornix</strong></span> <span class='ocrx_word' id='word_1_74' title='bbox 579 1125 625 1187; x_wconf 86' lang='lat' dir='ltr'><strong>tibi</strong></span> <span class='ocrx_word' id='word_1_75' title='bbox 638 1135 663 1174; x_wconf 89' lang='lat' dir='ltr'><strong>et</strong></span> <span class='ocrx_word' id='word_1_76' title='bbox 675 1138 753 1174; x_wconf 85' lang='lat' dir='ltr'><strong>uncta</strong></span> <span class='ocrx_word' id='word_1_77' title='bbox 765 1126 865 1189; x_wconf 86' lang='lat' dir='ltr'><strong>popina</strong></span> 
     </span>
     <span class='ocr_line' id='line_1_12' title="bbox 123 1213 728 1276; baseline -0.003 -14"><span class='ocrx_word' id='word_1_78' title='bbox 123 1214 250 1262; x_wconf 89' lang='lat' dir='ltr'><strong>incutiunt</strong></span> <span class='ocrx_word' id='word_1_79' title='bbox 261 1213 332 1262; x_wconf 89' lang='lat' dir='ltr'><strong>urbis</strong></span> <span class='ocrx_word' id='word_1_80' title='bbox 345 1213 507 1273; x_wconf 87' lang='lat' dir='ltr'><strong>desiderium,</strong></span> <span class='ocrx_word' id='word_1_81' title='bbox 522 1213 605 1272; x_wconf 78' lang='lat' dir='ltr'><strong>video,</strong></span> <span class='ocrx_word' id='word_1_82' title='bbox 621 1221 647 1262; x_wconf 89' lang='lat' dir='ltr'><strong>et</strong></span> <span class='ocrx_word' id='word_1_83' title='bbox 659 1213 728 1276; x_wconf 89' lang='lat' dir='ltr'><strong>quod</strong></span> 
     </span>
     <span class='ocr_line' id='line_1_13' title="bbox 125 1302 705 1365; baseline -0.002 -16"><span class='ocrx_word' id='word_1_84' title='bbox 125 1304 235 1365; x_wconf 82' lang='lat' dir='ltr'><strong>ungulus</strong></span> <span class='ocrx_word' id='word_1_85' title='bbox 248 1303 296 1351; x_wconf 90' lang='lat' dir='ltr'><strong>iste</strong></span> <span class='ocrx_word' id='word_1_86' title='bbox 309 1302 375 1350; x_wconf 86' lang='lat' dir='ltr'><strong>feret</strong></span> <span class='ocrx_word' id='word_1_87' title='bbox 387 1302 460 1364; x_wconf 89' lang='lat' dir='ltr'><strong>piper</strong></span> <span class='ocrx_word' id='word_1_88' title='bbox 473 1311 499 1350; x_wconf 91' lang='lat' dir='ltr'><strong>et</strong></span> <span class='ocrx_word' id='word_1_89' title='bbox 510 1309 551 1350; x_wconf 91' lang='lat' dir='ltr'><strong>tus</strong></span> <span class='ocrx_word' id='word_1_90' title='bbox 564 1302 705 1361; x_wconf 74' lang='lat' dir='ltr'><strong>ociosum,</strong></span> 
     </span>
     <span class='ocr_line' id='line_1_14' title="bbox 125 1390 721 1453; baseline -0.003 -15"><span class='ocrx_word' id='word_1_91' title='bbox 125 1404 173 1439; x_wconf 90' lang='lat' dir='ltr'><strong>nec</strong></span> <span class='ocrx_word' id='word_1_92' title='bbox 186 1391 269 1440; x_wconf 86' lang='lat' dir='ltr'><strong>vicina</strong></span> <span class='ocrx_word' id='word_1_93' title='bbox 281 1391 369 1439; x_wconf 88' lang='lat' dir='ltr'><strong>subest</strong></span> <span class='ocrx_word' id='word_1_94' title='bbox 379 1390 467 1438; x_wconf 89' lang='lat' dir='ltr'><strong>vinum</strong></span> <span class='ocrx_word' id='word_1_95' title='bbox 479 1392 602 1453; x_wconf 85' lang='lat' dir='ltr'><strong>praebere</strong></span> <span class='ocrx_word' id='word_1_96' title='bbox 614 1391 721 1439; x_wconf 87' lang='lat' dir='ltr'><strong>taberna</strong></span> 
     </span>
    </p>

    <p class='ocr_par' dir='ltr' id='par_1_5' title="bbox 74 1478 860 1895">
     <span class='ocr_line' id='line_1_15' title="bbox 74 1478 763 1541; baseline 0 -16"><span class='ocrx_word' id='word_1_97' title='bbox 74 1486 109 1525; x_wconf 70' lang='lat'><strong>⁴25</strong></span> <span class='ocrx_word' id='word_1_98' title='bbox 126 1493 192 1540; x_wconf 88' lang='lat' dir='ltr'><strong>quae</strong></span> <span class='ocrx_word' id='word_1_99' title='bbox 205 1479 287 1541; x_wconf 87' lang='lat' dir='ltr'><strong>possit</strong></span> <span class='ocrx_word' id='word_1_100' title='bbox 299 1478 354 1538; x_wconf 89' lang='lat' dir='ltr'><strong>tibi,</strong></span> <span class='ocrx_word' id='word_1_101' title='bbox 368 1493 418 1526; x_wconf 90' lang='lat' dir='ltr'><strong>nec</strong></span> <span class='ocrx_word' id='word_1_102' title='bbox 430 1480 551 1527; x_wconf 85' lang='lat' dir='ltr'><strong>meretrix</strong></span> <span class='ocrx_word' id='word_1_103' title='bbox 563 1479 677 1536; x_wconf 87' lang='lat' dir='ltr'><strong>tibicina,</strong></span> <span class='ocrx_word' id='word_1_104' title='bbox 693 1479 763 1526; x_wconf 90' lang='lat' dir='ltr'><strong>cuius</strong></span> 
     </span>
     <span class='ocr_line' id='line_1_16' title="bbox 125 1566 860 1630; baseline -0.001 -16"><span class='ocrx_word' id='word_1_105' title='bbox 125 1566 157 1613; x_wconf 88' lang='lat' dir='ltr'><strong>ad</strong></span> <span class='ocrx_word' id='word_1_106' title='bbox 172 1568 304 1630; x_wconf 86' lang='lat' dir='ltr'><strong>strepitum</strong></span> <span class='ocrx_word' id='word_1_107' title='bbox 316 1567 393 1614; x_wconf 89' lang='lat' dir='ltr'><strong>salias</strong></span> <span class='ocrx_word' id='word_1_108' title='bbox 406 1576 491 1616; x_wconf 86' lang='lat' dir='ltr'><strong>terrae</strong></span> <span class='ocrx_word' id='word_1_109' title='bbox 505 1567 604 1629; x_wconf 83' lang='lat' dir='ltr'><strong>gravis:</strong></span> <span class='ocrx_word' id='word_1_110' title='bbox 626 1574 749 1615; x_wconf 89' lang='lat' dir='ltr'><strong>ettamen</strong></span> <span class='ocrx_word' id='word_1_111' title='bbox 762 1580 860 1628; x_wconf 84' lang='lat' dir='ltr'><strong>urgues</strong></span> 
     </span>
     <span class='ocr_line' id='line_1_17' title="bbox 123 1654 803 1717; baseline 0.001 -16"><span class='ocrx_word' id='word_1_112' title='bbox 123 1654 175 1702; x_wconf 89' lang='lat' dir='ltr'><strong>iam</strong></span> <span class='ocrx_word' id='word_1_113' title='bbox 189 1655 287 1717; x_wconf 88' lang='lat' dir='ltr'><strong>pridem</strong></span> <span class='ocrx_word' id='word_1_114' title='bbox 299 1670 352 1703; x_wconf 94' lang='lat' dir='ltr'><strong>non</strong></span> <span class='ocrx_word' id='word_1_115' title='bbox 366 1663 434 1703; x_wconf 88' lang='lat' dir='ltr'><strong>tacta</strong></span> <span class='ocrx_word' id='word_1_116' title='bbox 446 1656 576 1717; x_wconf 81' lang='lat' dir='ltr'><strong>ligonibus</strong></span> <span class='ocrx_word' id='word_1_117' title='bbox 589 1670 649 1703; x_wconf 85' lang='lat' dir='ltr'><strong>arva</strong></span> <span class='ocrx_word' id='word_1_118' title='bbox 663 1656 803 1716; x_wconf 86' lang='lat' dir='ltr'><strong>bovemque</strong></span> 
     </span>
     <span class='ocr_line' id='line_1_18' title="bbox 126 1742 777 1805; baseline -0.002 -16"><span class='ocrx_word' id='word_1_119' title='bbox 126 1742 280 1791; x_wconf 89' lang='lat' dir='ltr'><strong>disiunctum</strong></span> <span class='ocrx_word' id='word_1_120' title='bbox 293 1757 368 1791; x_wconf 86' lang='lat' dir='ltr'><strong>curas</strong></span> <span class='ocrx_word' id='word_1_121' title='bbox 381 1751 407 1792; x_wconf 90' lang='lat' dir='ltr'><strong>ct</strong></span> <span class='ocrx_word' id='word_1_122' title='bbox 419 1744 513 1791; x_wconf 87' lang='lat' dir='ltr'><strong>strictis</strong></span> <span class='ocrx_word' id='word_1_123' title='bbox 526 1742 660 1792; x_wconf 80' lang='lat' dir='ltr'><strong>frondibus</strong></span> <span class='ocrx_word' id='word_1_124' title='bbox 673 1743 777 1805; x_wconf 82' lang='lat' dir='ltr'><strong>exples:</strong></span> 
     </span>
     <span class='ocr_line' id='line_1_19' title="bbox 125 1831 695 1895; baseline 0.002 -17"><span class='ocrx_word' id='word_1_125' title='bbox 125 1831 197 1879; x_wconf 86' lang='lat' dir='ltr'><strong>addit</strong></span> <span class='ocrx_word' id='word_1_126' title='bbox 209 1846 274 1894; x_wconf 85' lang='lat' dir='ltr'><strong>opus</strong></span> <span class='ocrx_word' id='word_1_127' title='bbox 287 1831 360 1895; x_wconf 87' lang='lat' dir='ltr'><strong>pigro</strong></span> <span class='ocrx_word' id='word_1_128' title='bbox 373 1832 450 1890; x_wconf 85' lang='lat' dir='ltr'><strong>rivus,</strong></span> <span class='ocrx_word' id='word_1_129' title='bbox 466 1833 488 1880; x_wconf 92' lang='lat' dir='ltr'><strong>si</strong></span> <span class='ocrx_word' id='word_1_130' title='bbox 501 1832 595 1881; x_wconf 85' lang='lat' dir='ltr'><strong>decidit</strong></span> <span class='ocrx_word' id='word_1_131' title='bbox 605 1832 695 1891; x_wconf 88' lang='lat' dir='ltr'><strong>imber,</strong></span> 
     </span>
    </p>

    <p class='ocr_par' dir='ltr' id='par_1_6' title="bbox 75 1919 846 2335">
     <span class='ocr_line' id='line_1_20' title="bbox 75 1919 754 1983; baseline -0.004 -15"><span class='ocrx_word' id='word_1_132' title='bbox 75 1927 110 1968; x_wconf 72' lang='lat'><strong>30</strong></span> <span class='ocrx_word' id='word_1_133' title='bbox 124 1921 205 1969; x_wconf 80' lang='lat' dir='ltr'><strong>multe</strong></span> <span class='ocrx_word' id='word_1_134' title='bbox 217 1921 286 1968; x_wconf 89' lang='lat' dir='ltr'><strong>mole</strong></span> <span class='ocrx_word' id='word_1_135' title='bbox 300 1919 432 1968; x_wconf 89' lang='lat' dir='ltr'><strong>docendus</strong></span> <span class='ocrx_word' id='word_1_136' title='bbox 445 1921 534 1982; x_wconf 89' lang='lat' dir='ltr'><strong>aprico</strong></span> <span class='ocrx_word' id='word_1_137' title='bbox 548 1934 654 1983; x_wconf 81' lang='lat' dir='ltr'><strong>parcere</strong></span> <span class='ocrx_word' id='word_1_138' title='bbox 667 1928 754 1982; x_wconf 76' lang='lat' dir='ltr'><strong>prato,</strong></span> 
     </span>
     <span class='ocr_line' id='line_1_21' title="bbox 124 2007 846 2071; baseline -0.003 -16"><span class='ocrx_word' id='word_1_139' title='bbox 124 2023 194 2056; x_wconf 88' lang='lat' dir='ltr'><strong>nuuc</strong></span> <span class='ocrx_word' id='word_1_140' title='bbox 206 2023 264 2071; x_wconf 86' lang='lat' dir='ltr'><strong>age,</strong></span> <span class='ocrx_word' id='word_1_141' title='bbox 280 2009 341 2071; x_wconf 90' lang='lat' dir='ltr'><strong>quid</strong></span> <span class='ocrx_word' id='word_1_142' title='bbox 353 2016 470 2056; x_wconf 83' lang='lat' dir='ltr'><strong>nostrum</strong></span> <span class='ocrx_word' id='word_1_143' title='bbox 484 2017 638 2057; x_wconf 89' lang='lat' dir='ltr'><strong>concentum</strong></span> <span class='ocrx_word' id='word_1_144' title='bbox 650 2008 754 2066; x_wconf 82' lang='lat' dir='ltr'><strong>dividat,</strong></span> <span class='ocrx_word' id='word_1_145' title='bbox 773 2007 846 2054; x_wconf 78' lang='lat' dir='ltr'><strong>audi.</strong></span> 
     </span>
     <span class='ocr_line' id='line_1_22' title="bbox 125 2096 766 2160; baseline -0.003 -15"><span class='ocrx_word' id='word_1_146' title='bbox 125 2111 202 2159; x_wconf 88' lang='lat' dir='ltr'><strong>quem</strong></span> <span class='ocrx_word' id='word_1_147' title='bbox 215 2104 304 2145; x_wconf 88' lang='lat' dir='ltr'><strong>tenues</strong></span> <span class='ocrx_word' id='word_1_148' title='bbox 318 2097 426 2145; x_wconf 89' lang='lat' dir='ltr'><strong>decuere</strong></span> <span class='ocrx_word' id='word_1_149' title='bbox 439 2105 517 2159; x_wconf 83' lang='lat' dir='ltr'><strong>togae</strong></span> <span class='ocrx_word' id='word_1_150' title='bbox 530 2097 656 2160; x_wconf 89' lang='lat' dir='ltr'><strong>nitidique</strong></span> <span class='ocrx_word' id='word_1_151' title='bbox 670 2096 766 2159; x_wconf 87' lang='lat' dir='ltr'><strong>capilli,</strong></span> 
     </span>
     <span class='ocr_line' id='line_1_23' title="bbox 125 2183 784 2248; baseline -0.005 -16"><span class='ocrx_word' id='word_1_152' title='bbox 125 2199 202 2247; x_wconf 89' lang='lat' dir='ltr'><strong>quem</strong></span> <span class='ocrx_word' id='word_1_153' title='bbox 214 2185 264 2233; x_wconf 90' lang='lat' dir='ltr'><strong>scis</strong></span> <span class='ocrx_word' id='word_1_154' title='bbox 277 2185 408 2233; x_wconf 86' lang='lat' dir='ltr'><strong>inmunem</strong></span> <span class='ocrx_word' id='word_1_155' title='bbox 421 2184 532 2233; x_wconf 81' lang='lat' dir='ltr'><strong>Cinarae</strong></span> <span class='ocrx_word' id='word_1_156' title='bbox 545 2185 673 2248; x_wconf 89' lang='lat' dir='ltr'><strong>placuisse</strong></span> <span class='ocrx_word' id='word_1_157' title='bbox 686 2183 784 2246; x_wconf 85' lang='lat' dir='ltr'><strong>rapaci,</strong></span> 
     </span>
     <span class='ocr_line' id='line_1_24' title="bbox 125 2272 766 2335; baseline -0.002 -15"><span class='ocrx_word' id='word_1_158' title='bbox 125 2288 201 2335; x_wconf 90' lang='lat' dir='ltr'><strong>quem</strong></span> <span class='ocrx_word' id='word_1_159' title='bbox 214 2273 329 2321; x_wconf 92' lang='lat' dir='ltr'><strong>bibulum</strong></span> <span class='ocrx_word' id='word_1_160' title='bbox 341 2273 432 2334; x_wconf 88' lang='lat' dir='ltr'><strong>liquidi</strong></span> <span class='ocrx_word' id='word_1_161' title='bbox 445 2273 530 2321; x_wconf 90' lang='lat' dir='ltr'><strong>media</strong></span> <span class='ocrx_word' id='word_1_162' title='bbox 542 2276 574 2321; x_wconf 91' lang='lat' dir='ltr'><strong>de</strong></span> <span class='ocrx_word' id='word_1_163' title='bbox 585 2273 642 2320; x_wconf 92' lang='lat' dir='ltr'><strong>luce</strong></span> <span class='ocrx_word' id='word_1_164' title='bbox 655 2272 766 2329; x_wconf 79' lang='lat' dir='ltr'><strong>Falerni,</strong></span> 
     </span>
    </p>

    <p class='ocr_par' dir='ltr' id='par_1_7' title="bbox 76 2360 858 2686">
     <span class='ocr_line' id='line_1_25' title="bbox 76 2360 858 2423; baseline -0.003 -15"><span class='ocrx_word' id='word_1_165' title='bbox 76 2368 109 2408; x_wconf 80' lang='lat'><strong>35</strong></span> <span class='ocrx_word' id='word_1_166' title='bbox 125 2375 189 2409; x_wconf 85' lang='lat' dir='ltr'><strong>cena</strong></span> <span class='ocrx_word' id='word_1_167' title='bbox 202 2362 285 2410; x_wconf 89' lang='lat' dir='ltr'><strong>brevis</strong></span> <span class='ocrx_word' id='word_1_168' title='bbox 298 2361 368 2408; x_wconf 84' lang='lat' dir='ltr'><strong>iuvat</strong></span> <span class='ocrx_word' id='word_1_169' title='bbox 380 2369 405 2408; x_wconf 89' lang='lat' dir='ltr'><strong>et</strong></span> <span class='ocrx_word' id='word_1_170' title='bbox 418 2375 499 2423; x_wconf 88' lang='lat' dir='ltr'><strong>prope</strong></span> <span class='ocrx_word' id='word_1_171' title='bbox 511 2362 592 2409; x_wconf 85' lang='lat' dir='ltr'><strong>rivum</strong></span> <span class='ocrx_word' id='word_1_172' title='bbox 604 2374 710 2408; x_wconf 87' lang='lat' dir='ltr'><strong>somnus</strong></span> <span class='ocrx_word' id='word_1_173' title='bbox 726 2361 754 2407; x_wconf 90' lang='lat' dir='ltr'><strong>in</strong></span> <span class='ocrx_word' id='word_1_174' title='bbox 766 2360 858 2408; x_wconf 88' lang='lat' dir='ltr'><strong>herba.</strong></span> 
     </span>
     <span class='ocr_line' id='line_1_26' title="bbox 124 2448 740 2511; baseline -0.003 -14"><span class='ocrx_word' id='word_1_175' title='bbox 124 2463 172 2497; x_wconf 89' lang='lat' dir='ltr'><strong>nec</strong></span> <span class='ocrx_word' id='word_1_176' title='bbox 184 2450 275 2498; x_wconf 88' lang='lat' dir='ltr'><strong>lusisse</strong></span> <span class='ocrx_word' id='word_1_177' title='bbox 288 2450 375 2511; x_wconf 87' lang='lat' dir='ltr'><strong>pudet,</strong></span> <span class='ocrx_word' id='word_1_178' title='bbox 392 2449 437 2496; x_wconf 89' lang='lat' dir='ltr'><strong>sed</strong></span> <span class='ocrx_word' id='word_1_179' title='bbox 450 2463 504 2496; x_wconf 93' lang='lat' dir='ltr'><strong>non</strong></span> <span class='ocrx_word' id='word_1_180' title='bbox 516 2449 631 2496; x_wconf 89' lang='lat' dir='ltr'><strong>incidere</strong></span> <span class='ocrx_word' id='word_1_181' title='bbox 643 2448 740 2496; x_wconf 89' lang='lat' dir='ltr'><strong>ludum.</strong></span> 
     </span>
     <span class='ocr_line' id='line_1_27' title="bbox 124 2536 826 2599; baseline -0.003 -15"><span class='ocrx_word' id='word_1_182' title='bbox 124 2551 179 2584; x_wconf 92' lang='lat' dir='ltr'><strong>non</strong></span> <span class='ocrx_word' id='word_1_183' title='bbox 191 2536 247 2585; x_wconf 88' lang='lat' dir='ltr'><strong>istic</strong></span> <span class='ocrx_word' id='word_1_184' title='bbox 261 2536 366 2599; x_wconf 91' lang='lat' dir='ltr'><strong>obliquo</strong></span> <span class='ocrx_word' id='word_1_185' title='bbox 380 2537 457 2584; x_wconf 89' lang='lat' dir='ltr'><strong>oculo</strong></span> <span class='ocrx_word' id='word_1_186' title='bbox 470 2551 528 2584; x_wconf 89' lang='lat' dir='ltr'><strong>mea</strong></span> <span class='ocrx_word' id='word_1_187' title='bbox 540 2536 677 2584; x_wconf 89' lang='lat' dir='ltr'><strong>commoda</strong></span> <span class='ocrx_word' id='word_1_188' title='bbox 689 2536 826 2598; x_wconf 86' lang='lat' dir='ltr'><strong>quisquam</strong></span> 
     </span>
     <span class='ocr_line' id='line_1_28' title="bbox 123 2623 765 2686; baseline -0.002 -16"><span class='ocrx_word' id='word_1_189' title='bbox 123 2623 206 2683; x_wconf 86' lang='lat' dir='ltr'><strong>limat,</strong></span> <span class='ocrx_word' id='word_1_190' title='bbox 222 2638 276 2672; x_wconf 91' lang='lat' dir='ltr'><strong>non</strong></span> <span class='ocrx_word' id='word_1_191' title='bbox 289 2626 349 2672; x_wconf 90' lang='lat' dir='ltr'><strong>odio</strong></span> <span class='ocrx_word' id='word_1_192' title='bbox 363 2625 473 2672; x_wconf 91' lang='lat' dir='ltr'><strong>obscuro</strong></span> <span class='ocrx_word' id='word_1_193' title='bbox 487 2638 626 2686; x_wconf 86' lang='lat' dir='ltr'><strong>morsuque</strong></span> <span class='ocrx_word' id='word_1_194' title='bbox 639 2632 765 2672; x_wconf 83' lang='lat' dir='ltr'><strong>venenat:</strong></span> 
     </span>
    </p>
   </div>
   <div class='ocr_carea' id='block_1_3' title="bbox 0 0 964 3117">
    <p class='ocr_par' dir='ltr' id='par_1_8' title="bbox 0 0 964 3117">
     <span class='ocr_line' id='line_1_29' title="bbox 0 0 964 3117; baseline 0 0"><span class='ocrx_word' id='word_1_195' title='bbox 0 0 964 3117; x_wconf 95' lang='lat' dir='ltr'><strong> </strong></span> 
     </span>
    </p>
   </div>
  </div>
 </body>
</html>
