1917 3117
124 225 176 276 102
413 223 578 263 CARMINUM

123 393 148 435 te
160 385 236 434 lanae
248 397 329 447 prope
341 382 455 431 nobilem

123 483 214 523 tonsae
226 472 368 531 Luceriam,
383 486 437 520 non
455 471 567 519 citharae
579 469 671 518 decent

73 573 103 613 15
123 577 172 612 uec
184 562 232 610 flos
244 576 385 625 purpureus
398 574 473 608 rosae

125 666 173 702 nec
186 651 240 714 poti
252 650 363 700 vetulam
375 648 447 697 faece
458 656 534 698 tenus
547 648 613 697 cadi.

460 1039 533 1088 XVI.

125 1202 255 1275 Inclusam
267 1200 377 1250 Danaen
390 1201 464 1249 turris
477 1215 559 1249 aenea

91 1329 95 1334 .
124 1292 296 1353 robustaeque
309 1290 378 1338 fores
393 1296 418 1338 et
429 1290 536 1353 vigilum
548 1303 642 1338 canum

125 1379 209 1428 tristes
223 1379 345 1429 excubiae
358 1380 505 1428 munierant
516 1379 577 1427 setis

125 1468 257 1517 nocturnis
270 1468 302 1516 ab
316 1468 446 1528 adulteris,

92 1620 104 1660 t
126 1612 147 1660 si
160 1626 213 1660 non
226 1611 355 1661 Acrisium
367 1611 471 1675 virginis
485 1610 588 1660 abditae

126 1701 257 1749 custodem
270 1700 389 1764 pavidum
400 1700 516 1762 Iuppiter
527 1707 552 1748 et
564 1700 665 1758 Venus

125 1789 254 1838 risissent:
275 1788 331 1838 fore
344 1790 412 1837 enim
424 1796 504 1837 tutum
516 1789 566 1838 iter
578 1797 603 1838 et
621 1797 713 1852 pateus

124 1892 250 1928 converso
264 1878 291 1927 in
305 1878 413 1942 pretium
427 1879 486 1926 deo.

125 2035 215 2069 aurum
227 2035 274 2084 per
285 2021 382 2070 medios
395 2020 432 2069 ire
445 2020 568 2069 satellites

71 2118 105 2160 to
126 2117 151 2160 et
164 2124 326 2174 perrumpere
338 2103 407 2158 amat
425 2124 488 2157 saxa
501 2109 630 2172 potentius

126 2200 177 2249 ictu
190 2199 328 2248 fulmineo:
350 2198 462 2248 concidit
479 2197 582 2260 auguris

126 2289 216 2352 Argivi
228 2289 327 2348 domus,
343 2289 376 2337 ob
390 2289 490 2336 lucrum

127 2432 243 2481 demersa
254 2431 331 2481 exitio
341 2448 348 2492 3
368 2430 461 2480 diffidit
472 2429 573 2477 urbium

128 2528 215 2583 portas
228 2520 265 2569 vir
277 2520 385 2568 Macedo
399 2528 425 2568 et
437 2521 535 2568 subruit
547 2519 662 2567 aemulos
725 2504 727 2506 ’

78 2618 107 2660 lt
127 2623 201 2671 reges
214 2609 376 2670 munoribus3
397 2623 504 2656 munera
516 2608 618 2657 navium

128 2712 217 2747 saevos
229 2698 381 2761 inlaqueant
393 2699 480 2747 duces.
