<?xml version="1.0" encoding="UTF-8"?>
<!DOCTYPE html PUBLIC "-//W3C//DTD XHTML 1.0 Transitional//EN"
    "http://www.w3.org/TR/xhtml1/DTD/xhtml1-transitional.dtd">
<html xmlns="http://www.w3.org/1999/xhtml" xml:lang="en" lang="en">
 <head>
  <title>
</title>
<meta http-equiv="Content-Type" content="text/html;charset=utf-8" />
  <meta name='ocr-system' content='tesseract 3.04.00' />
  <meta name='ocr-capabilities' content='ocr_page ocr_carea ocr_par ocr_line ocrx_word'/>
</head>
<body>
  <div class='ocr_page' id='page_1' title='image "./opera00haupgoog_0273.png"; bbox 0 0 1917 3117; ppageno 0'>
   <div class='ocr_carea' id='block_1_1' title="bbox 390 177 822 228">
    <p class='ocr_par' dir='ltr' id='par_1_1' title="bbox 390 177 822 228">
     <span class='ocr_line' id='line_1_1' title="bbox 390 177 822 228; baseline -0.005 -7"><span class='ocrx_word' id='word_1_1' title='bbox 390 183 480 221; x_wconf 85' lang='lat' dir='ltr'>LIBER</span> <span class='ocrx_word' id='word_1_2' title='bbox 494 183 527 220; x_wconf 93' lang='lat'><strong>11.</strong></span> <span class='ocrx_word' id='word_1_3' title='bbox 768 177 822 228; x_wconf 75' lang='grc'><strong>249</strong></span> 
     </span>
    </p>
   </div>
   <div class='ocr_carea' id='block_1_2' title="bbox 48 339 828 2438">
    <p class='ocr_par' dir='ltr' id='par_1_2' title="bbox 48 339 828 2438">
     <span class='ocr_line' id='line_1_2' title="bbox 96 339 753 402; baseline -0.005 -13"><span class='ocrx_word' id='word_1_4' title='bbox 96 339 234 402; x_wconf 79' lang='lat' dir='ltr'><strong>languidus</strong></span> <span class='ocrx_word' id='word_1_5' title='bbox 246 341 274 389; x_wconf 91' lang='lat' dir='ltr'><strong>in</strong></span> <span class='ocrx_word' id='word_1_6' title='bbox 288 340 400 387; x_wconf 90' lang='lat' dir='ltr'><strong>cubitum</strong></span> <span class='ocrx_word' id='word_1_7' title='bbox 411 340 462 387; x_wconf 86' lang='lat' dir='ltr'><strong>ium</strong></span> <span class='ocrx_word' id='word_1_8' title='bbox 476 355 504 389; x_wconf 90' lang='lat' dir='ltr'><strong>se</strong></span> <span class='ocrx_word' id='word_1_9' title='bbox 516 339 624 387; x_wconf 86' lang='lat' dir='ltr'><strong>conviva</strong></span> <span class='ocrx_word' id='word_1_10' title='bbox 636 348 753 402; x_wconf 75' lang='lat' dir='ltr'><strong>reponet.</strong></span> 
     </span>
     <span class='ocr_line' id='line_1_3' title="bbox 48 428 688 491; baseline -0.006 -12"><span class='ocrx_word' id='word_1_11' title='bbox 48 438 80 479; x_wconf 80' lang='lat'><strong>40</strong></span> <span class='ocrx_word' id='word_1_12' title='bbox 96 429 192 480; x_wconf 83' lang='lat' dir='ltr'>Umber</span> <span class='ocrx_word' id='word_1_13' title='bbox 205 436 230 477; x_wconf 87' lang='lat' dir='ltr'><strong>et</strong></span> <span class='ocrx_word' id='word_1_14' title='bbox 240 429 322 491; x_wconf 80' lang='lat' dir='ltr'>iligna</span> <span class='ocrx_word' id='word_1_15' title='bbox 333 428 442 476; x_wconf 75' lang='lat' dir='ltr'><strong>nutritus</strong></span> <span class='ocrx_word' id='word_1_16' title='bbox 456 429 551 491; x_wconf 81' lang='lat' dir='ltr'>glande</span> <span class='ocrx_word' id='word_1_17' title='bbox 564 428 688 476; x_wconf 85' lang='lat' dir='ltr'><strong>rotundas</strong></span> 
     </span>
     <span class='ocr_line' id='line_1_4' title="bbox 96 516 719 580; baseline -0.006 -14"><span class='ocrx_word' id='word_1_18' title='bbox 96 528 183 566; x_wconf 87' lang='lat' dir='ltr'><strong>curvat</strong></span> <span class='ocrx_word' id='word_1_19' title='bbox 195 532 257 580; x_wconf 82' lang='lat' dir='ltr'><strong>aper</strong></span> <span class='ocrx_word' id='word_1_20' title='bbox 269 517 350 566; x_wconf 78' lang='lat' dir='ltr'><strong>lancis</strong></span> <span class='ocrx_word' id='word_1_21' title='bbox 364 531 466 566; x_wconf 85' lang='lat' dir='ltr'><strong>carnem</strong></span> <span class='ocrx_word' id='word_1_22' title='bbox 479 516 582 565; x_wconf 81' lang='lat' dir='ltr'><strong>vitantis</strong></span> <span class='ocrx_word' id='word_1_23' title='bbox 596 517 719 565; x_wconf 88' lang='lat' dir='ltr'><strong>inertem:</strong></span> 
     </span>
     <span class='ocr_line' id='line_1_5' title="bbox 96 604 820 667; baseline -0.003 -13"><span class='ocrx_word' id='word_1_24' title='bbox 96 622 157 654; x_wconf 92' lang='lat' dir='ltr'><strong>nam</strong></span> <span class='ocrx_word' id='word_1_25' title='bbox 169 606 284 654; x_wconf 81' lang='lat' dir='ltr'><strong>Laurens</strong></span> <span class='ocrx_word' id='word_1_26' title='bbox 297 606 381 653; x_wconf 90' lang='lat' dir='ltr'><strong>malus</strong></span> <span class='ocrx_word' id='word_1_27' title='bbox 395 614 441 664; x_wconf 89' lang='lat' dir='ltr'><strong>est,</strong></span> <span class='ocrx_word' id='word_1_28' title='bbox 451 605 516 653; x_wconf 90' lang='lat' dir='ltr'><strong>ulvis</strong></span> <span class='ocrx_word' id='word_1_29' title='bbox 530 613 556 654; x_wconf 91' lang='lat' dir='ltr'><strong>et</strong></span> <span class='ocrx_word' id='word_1_30' title='bbox 569 605 695 653; x_wconf 78' lang='lat' dir='ltr'><strong>arundine</strong></span> <span class='ocrx_word' id='word_1_31' title='bbox 708 604 820 667; x_wconf 83' lang='lat' dir='ltr'><strong>pinguis.</strong></span> 
     </span>
     <span class='ocr_line' id='line_1_6' title="bbox 96 693 707 756; baseline -0.005 -13"><span class='ocrx_word' id='word_1_32' title='bbox 96 695 171 743; x_wconf 86' lang='lat' dir='ltr'><strong>vinea</strong></span> <span class='ocrx_word' id='word_1_33' title='bbox 183 694 306 742; x_wconf 79' lang='lat' dir='ltr'><strong>submittit</strong></span> <span class='ocrx_word' id='word_1_34' title='bbox 317 709 424 756; x_wconf 84' lang='lat' dir='ltr'><strong>cupreas</strong></span> <span class='ocrx_word' id='word_1_35' title='bbox 436 709 490 742; x_wconf 91' lang='lat' dir='ltr'><strong>non</strong></span> <span class='ocrx_word' id='word_1_36' title='bbox 503 708 604 755; x_wconf 83' lang='lat' dir='ltr'><strong>semper</strong></span> <span class='ocrx_word' id='word_1_37' title='bbox 616 693 707 742; x_wconf 88' lang='lat' dir='ltr'><strong>edulis.</strong></span> 
     </span>
     <span class='ocr_line' id='line_1_7' title="bbox 98 782 708 845; baseline -0.003 -14"><span class='ocrx_word' id='word_1_38' title='bbox 98 783 225 831; x_wconf 84' lang='lat' dir='ltr'><strong>secundae</strong></span> <span class='ocrx_word' id='word_1_39' title='bbox 238 782 334 845; x_wconf 89' lang='lat' dir='ltr'><strong>leporis</strong></span> <span class='ocrx_word' id='word_1_40' title='bbox 347 783 450 845; x_wconf 88' lang='lat' dir='ltr'><strong>sapiens</strong></span> <span class='ocrx_word' id='word_1_41' title='bbox 464 782 602 831; x_wconf 77' lang='lat' dir='ltr'><strong>sectabitur</strong></span> <span class='ocrx_word' id='word_1_42' title='bbox 614 797 708 830; x_wconf 86' lang='lat' dir='ltr'><strong>armos.</strong></span> 
     </span>
     <span class='ocr_line' id='line_1_8' title="bbox 48 871 796 935; baseline -0.001 -15"><span class='ocrx_word' id='word_1_43' title='bbox 48 881 81 920; x_wconf 75' lang='grc'><strong>45</strong></span> <span class='ocrx_word' id='word_1_44' title='bbox 97 872 209 935; x_wconf 90' lang='lat' dir='ltr'><strong>piscibus</strong></span> <span class='ocrx_word' id='word_1_45' title='bbox 222 878 299 932; x_wconf 87' lang='lat' dir='ltr'><strong>etque</strong></span> <span class='ocrx_word' id='word_1_46' title='bbox 312 871 400 919; x_wconf 90' lang='lat' dir='ltr'><strong>avibus</strong></span> <span class='ocrx_word' id='word_1_47' title='bbox 414 886 480 934; x_wconf 84' lang='lat' dir='ltr'><strong>quee</strong></span> <span class='ocrx_word' id='word_1_48' title='bbox 493 879 584 919; x_wconf 79' lang='lat' dir='ltr'><strong>natura</strong></span> <span class='ocrx_word' id='word_1_49' title='bbox 599 878 625 919; x_wconf 88' lang='lat' dir='ltr'><strong>et</strong></span> <span class='ocrx_word' id='word_1_50' title='bbox 636 871 703 919; x_wconf 80' lang='lat' dir='ltr'><strong>soret</strong></span> <span class='ocrx_word' id='word_1_51' title='bbox 717 879 796 931; x_wconf 81' lang='lat' dir='ltr'><strong>aetas,</strong></span> 
     </span>
     <span class='ocr_line' id='line_1_9' title="bbox 98 959 691 1022; baseline -0.002 -15"><span class='ocrx_word' id='word_1_52' title='bbox 98 968 158 1009; x_wconf 92' lang='lat' dir='ltr'><strong>ante</strong></span> <span class='ocrx_word' id='word_1_53' title='bbox 170 974 254 1007; x_wconf 92' lang='lat' dir='ltr'><strong>meum</strong></span> <span class='ocrx_word' id='word_1_54' title='bbox 266 959 331 1007; x_wconf 88' lang='lat' dir='ltr'><strong>nulli</strong></span> <span class='ocrx_word' id='word_1_55' title='bbox 344 961 425 1022; x_wconf 90' lang='lat' dir='ltr'><strong>patuit</strong></span> <span class='ocrx_word' id='word_1_56' title='bbox 438 960 554 1022; x_wconf 80' lang='lat' dir='ltr'><strong>quaesita</strong></span> <span class='ocrx_word' id='word_1_57' title='bbox 567 960 691 1022; x_wconf 88' lang='lat' dir='ltr'><strong>pelatum.</strong></span> 
     </span>
     <span class='ocr_line' id='line_1_10' title="bbox 98 1047 819 1110; baseline -0.001 -14"><span class='ocrx_word' id='word_1_58' title='bbox 98 1057 157 1097; x_wconf 88' lang='lat' dir='ltr'><strong>sunt</strong></span> <span class='ocrx_word' id='word_1_59' title='bbox 163 1062 271 1110; x_wconf 88' lang='lat' dir='ltr'><strong>quorum</strong></span> <span class='ocrx_word' id='word_1_60' title='bbox 276 1048 409 1110; x_wconf 85' lang='lat' dir='ltr'><strong>ingenium</strong></span> <span class='ocrx_word' id='word_1_61' title='bbox 416 1063 483 1096; x_wconf 82' lang='lat' dir='ltr'><strong>nova</strong></span> <span class='ocrx_word' id='word_1_62' title='bbox 489 1056 587 1096; x_wconf 87' lang='lat' dir='ltr'><strong>tantum</strong></span> <span class='ocrx_word' id='word_1_63' title='bbox 595 1048 709 1095; x_wconf 81' lang='lat' dir='ltr'><strong>crustula</strong></span> <span class='ocrx_word' id='word_1_64' title='bbox 715 1047 819 1109; x_wconf 89' lang='lat' dir='ltr'><strong>promit.</strong></span> 
     </span>
     <span class='ocr_line' id='line_1_11' title="bbox 98 1136 755 1199; baseline -0.005 -14"><span class='ocrx_word' id='word_1_65' title='bbox 98 1151 262 1199; x_wconf 77' lang='lat' dir='ltr'>nequaquam</span> <span class='ocrx_word' id='word_1_66' title='bbox 275 1136 335 1185; x_wconf 90' lang='lat' dir='ltr'><strong>satis</strong></span> <span class='ocrx_word' id='word_1_67' title='bbox 348 1138 374 1184; x_wconf 89' lang='lat' dir='ltr'><strong>in</strong></span> <span class='ocrx_word' id='word_1_68' title='bbox 388 1152 415 1185; x_wconf 90' lang='lat' dir='ltr'><strong>re</strong></span> <span class='ocrx_word' id='word_1_69' title='bbox 427 1152 479 1185; x_wconf 81' lang='lat' dir='ltr'><strong>une</strong></span> <span class='ocrx_word' id='word_1_70' title='bbox 493 1151 642 1185; x_wconf 81' lang='lat' dir='ltr'><strong>consumere</strong></span> <span class='ocrx_word' id='word_1_71' title='bbox 655 1150 755 1194; x_wconf 80' lang='lat' dir='ltr'><strong>curam3</strong></span> 
     </span>
     <span class='ocr_line' id='line_1_12' title="bbox 98 1224 786 1286; baseline -0.001 -14"><span class='ocrx_word' id='word_1_72' title='bbox 98 1234 127 1272; x_wconf 94' lang='lat' dir='ltr'><strong>ut</strong></span> <span class='ocrx_word' id='word_1_73' title='bbox 139 1225 218 1286; x_wconf 91' lang='lat' dir='ltr'><strong>siquis</strong></span> <span class='ocrx_word' id='word_1_74' title='bbox 231 1226 315 1273; x_wconf 91' lang='lat' dir='ltr'><strong>selum</strong></span> <span class='ocrx_word' id='word_1_75' title='bbox 328 1226 385 1285; x_wconf 89' lang='lat' dir='ltr'><strong>hoc,</strong></span> <span class='ocrx_word' id='word_1_76' title='bbox 401 1227 469 1274; x_wconf 85' lang='lat' dir='ltr'><strong>mele</strong></span> <span class='ocrx_word' id='word_1_77' title='bbox 485 1240 519 1273; x_wconf 90' lang='lat' dir='ltr'><strong>ne</strong></span> <span class='ocrx_word' id='word_1_78' title='bbox 532 1225 584 1273; x_wconf 88' lang='lat' dir='ltr'><strong>sint</strong></span> <span class='ocrx_word' id='word_1_79' title='bbox 596 1225 663 1283; x_wconf 84' lang='lat' dir='ltr'><strong>vine,</strong></span> <span class='ocrx_word' id='word_1_80' title='bbox 678 1224 786 1282; x_wconf 79' lang='lat' dir='ltr'><strong>laboret,</strong></span> 
     </span>
     <span class='ocr_line' id='line_1_13' title="bbox 52 1314 615 1377; baseline -0.007 -12"><span class='ocrx_word' id='word_1_81' title='bbox 52 1323 84 1365; x_wconf 83' lang='lat'><strong>50</strong></span> <span class='ocrx_word' id='word_1_82' title='bbox 100 1314 171 1376; x_wconf 81' lang='lat' dir='ltr'><strong>quali</strong></span> <span class='ocrx_word' id='word_1_83' title='bbox 183 1314 319 1377; x_wconf 84' lang='lat' dir='ltr'><strong>perfundet</strong></span> <span class='ocrx_word' id='word_1_84' title='bbox 331 1315 407 1376; x_wconf 87' lang='lat' dir='ltr'><strong>piscis</strong></span> <span class='ocrx_word' id='word_1_85' title='bbox 420 1328 524 1363; x_wconf 88' lang='lat' dir='ltr'><strong>securus</strong></span> <span class='ocrx_word' id='word_1_86' title='bbox 538 1314 615 1362; x_wconf 91' lang='lat' dir='ltr'><strong>olivo.</strong></span> 
     </span>
     <span class='ocr_line' id='line_1_14' title="bbox 99 1402 663 1466; baseline 0 -17"><span class='ocrx_word' id='word_1_87' title='bbox 99 1402 212 1450; x_wconf 79' lang='lat' dir='ltr'><strong>Massica</strong></span> <span class='ocrx_word' id='word_1_88' title='bbox 224 1403 245 1450; x_wconf 93' lang='lat' dir='ltr'><strong>si</strong></span> <span class='ocrx_word' id='word_1_89' title='bbox 258 1403 331 1451; x_wconf 89' lang='lat' dir='ltr'><strong>caele</strong></span> <span class='ocrx_word' id='word_1_90' title='bbox 345 1417 475 1466; x_wconf 86' lang='lat' dir='ltr'><strong>suppones</strong></span> <span class='ocrx_word' id='word_1_91' title='bbox 489 1404 549 1450; x_wconf 80' lang='lat' dir='ltr'><strong>vine</strong></span> <span class='ocrx_word' id='word_1_92' title='bbox 561 1416 663 1461; x_wconf 88' lang='lat' dir='ltr'><strong>serene,</strong></span> 
     </span>
     <span class='ocr_line' id='line_1_15' title="bbox 100 1491 709 1553; baseline -0.003 -13"><span class='ocrx_word' id='word_1_93' title='bbox 100 1499 228 1540; x_wconf 86' lang='lat' dir='ltr'><strong>nocturna</strong></span> <span class='ocrx_word' id='word_1_94' title='bbox 240 1491 324 1553; x_wconf 87' lang='lat' dir='ltr'><strong>siquid</strong></span> <span class='ocrx_word' id='word_1_95' title='bbox 337 1492 416 1539; x_wconf 81' lang='lat' dir='ltr'><strong>crassi</strong></span> <span class='ocrx_word' id='word_1_96' title='bbox 429 1501 468 1541; x_wconf 88' lang='lat' dir='ltr'><strong>est</strong></span> <span class='ocrx_word' id='word_1_97' title='bbox 480 1491 626 1542; x_wconf 88' lang='lat' dir='ltr'><strong>tenuabitur</strong></span> <span class='ocrx_word' id='word_1_98' title='bbox 638 1505 709 1550; x_wconf 85' lang='lat' dir='ltr'><strong>eura,</strong></span> 
     </span>
     <span class='ocr_line' id='line_1_16' title="bbox 101 1580 673 1629; baseline -0.002 -2"><span class='ocrx_word' id='word_1_99' title='bbox 101 1588 127 1627; x_wconf 94' lang='lat' dir='ltr'><strong>et</strong></span> <span class='ocrx_word' id='word_1_100' title='bbox 140 1580 247 1627; x_wconf 83' lang='lat' dir='ltr'><strong>decedet</strong></span> <span class='ocrx_word' id='word_1_101' title='bbox 260 1580 325 1627; x_wconf 85' lang='lat' dir='ltr'><strong>odor</strong></span> <span class='ocrx_word' id='word_1_102' title='bbox 338 1581 421 1629; x_wconf 87' lang='lat' dir='ltr'><strong>nervis</strong></span> <span class='ocrx_word' id='word_1_103' title='bbox 433 1581 567 1629; x_wconf 87' lang='lat' dir='ltr'><strong>inimicus:</strong></span> <span class='ocrx_word' id='word_1_104' title='bbox 588 1588 615 1627; x_wconf 82' lang='lat' dir='ltr'><strong>et</strong></span> <span class='ocrx_word' id='word_1_105' title='bbox 625 1580 673 1627; x_wconf 84' lang='lat' dir='ltr'><strong>ille</strong></span> 
     </span>
     <span class='ocr_line' id='line_1_17' title="bbox 100 1667 658 1731; baseline -0.002 -16"><span class='ocrx_word' id='word_1_106' title='bbox 100 1667 228 1728; x_wconf 83' lang='lat' dir='ltr'><strong>integrum</strong></span> <span class='ocrx_word' id='word_1_107' title='bbox 241 1668 352 1729; x_wconf 90' lang='lat' dir='ltr'><strong>perdunt</strong></span> <span class='ocrx_word' id='word_1_108' title='bbox 364 1668 418 1717; x_wconf 91' lang='lat' dir='ltr'><strong>lino</strong></span> <span class='ocrx_word' id='word_1_109' title='bbox 431 1669 518 1716; x_wconf 78' lang='lat' dir='ltr'><strong>vitiata</strong></span> <span class='ocrx_word' id='word_1_110' title='bbox 531 1682 658 1731; x_wconf 83' lang='lat' dir='ltr'><strong>saperem.</strong></span> 
     </span>
     <span class='ocr_line' id='line_1_18' title="bbox 53 1754 704 1816; baseline -0.006 -11"><span class='ocrx_word' id='word_1_111' title='bbox 53 1765 86 1805; x_wconf 82' lang='lat'><strong>55</strong></span> <span class='ocrx_word' id='word_1_112' title='bbox 97 1754 254 1803; x_wconf 86' lang='lat' dir='ltr'><strong>-Surrentine</strong></span> <span class='ocrx_word' id='word_1_113' title='bbox 267 1756 337 1803; x_wconf 82' lang='lat' dir='ltr'><strong>vafer</strong></span> <span class='ocrx_word' id='word_1_114' title='bbox 350 1755 393 1816; x_wconf 89' lang='lat' dir='ltr'><strong>qui</strong></span> <span class='ocrx_word' id='word_1_115' title='bbox 406 1756 496 1803; x_wconf 90' lang='lat' dir='ltr'><strong>miscet</strong></span> <span class='ocrx_word' id='word_1_116' title='bbox 508 1757 581 1803; x_wconf 86' lang='lat' dir='ltr'><strong>faece</strong></span> <span class='ocrx_word' id='word_1_117' title='bbox 593 1756 704 1803; x_wconf 76' lang='lat' dir='ltr'><strong>Falerna</strong></span> 
     </span>
     <span class='ocr_line' id='line_1_19' title="bbox 102 1842 700 1904; baseline -0.003 -13"><span class='ocrx_word' id='word_1_118' title='bbox 102 1844 171 1902; x_wconf 84' lang='lat' dir='ltr'><strong>vinu,</strong></span> <span class='ocrx_word' id='word_1_119' title='bbox 187 1842 335 1890; x_wconf 89' lang='lat' dir='ltr'><strong>columbino</strong></span> <span class='ocrx_word' id='word_1_120' title='bbox 349 1843 436 1890; x_wconf 89' lang='lat' dir='ltr'><strong>limum</strong></span> <span class='ocrx_word' id='word_1_121' title='bbox 450 1844 517 1891; x_wconf 90' lang='lat' dir='ltr'><strong>bene</strong></span> <span class='ocrx_word' id='word_1_122' title='bbox 530 1843 629 1904; x_wconf 85' lang='lat' dir='ltr'><strong>colligit</strong></span> <span class='ocrx_word' id='word_1_123' title='bbox 640 1856 700 1900; x_wconf 84' lang='lat' dir='ltr'><strong>ovo,</strong></span> 
     </span>
     <span class='ocr_line' id='line_1_20' title="bbox 103 1931 706 1994; baseline -0.005 -14"><span class='ocrx_word' id='word_1_124' title='bbox 103 1940 230 1994; x_wconf 81' lang='lat' dir='ltr'><strong>quatenus</strong></span> <span class='ocrx_word' id='word_1_125' title='bbox 243 1931 295 1978; x_wconf 88' lang='lat' dir='ltr'><strong>ima</strong></span> <span class='ocrx_word' id='word_1_126' title='bbox 307 1931 369 1993; x_wconf 89' lang='lat' dir='ltr'><strong>petit</strong></span> <span class='ocrx_word' id='word_1_127' title='bbox 382 1931 488 1978; x_wconf 84' lang='lat' dir='ltr'><strong>volvens</strong></span> <span class='ocrx_word' id='word_1_128' title='bbox 500 1932 585 1979; x_wconf 83' lang='lat' dir='ltr'><strong>aliena</strong></span> <span class='ocrx_word' id='word_1_129' title='bbox 598 1931 706 1979; x_wconf 88' lang='lat' dir='ltr'><strong>vitellus.</strong></span> 
     </span>
     <span class='ocr_line' id='line_1_21' title="bbox 102 2019 712 2080; baseline -0.007 -11"><span class='ocrx_word' id='word_1_130' title='bbox 102 2021 177 2070; x_wconf 90' lang='lat' dir='ltr'><strong>tostis</strong></span> <span class='ocrx_word' id='word_1_131' title='bbox 190 2027 346 2067; x_wconf 80' lang='lat' dir='ltr'><strong>marcentem</strong></span> <span class='ocrx_word' id='word_1_132' title='bbox 358 2019 457 2080; x_wconf 87' lang='lat' dir='ltr'><strong>squillis</strong></span> <span class='ocrx_word' id='word_1_133' title='bbox 470 2019 596 2068; x_wconf 80' lang='lat' dir='ltr'><strong>recreabis</strong></span> <span class='ocrx_word' id='word_1_134' title='bbox 609 2027 635 2067; x_wconf 90' lang='lat' dir='ltr'><strong>et</strong></span> <span class='ocrx_word' id='word_1_135' title='bbox 646 2019 712 2066; x_wconf 80' lang='lat' dir='ltr'><strong>Afra</strong></span> 
     </span>
     <span class='ocr_line' id='line_1_22' title="bbox 102 2106 726 2172; baseline -0.006 -15"><span class='ocrx_word' id='word_1_136' title='bbox 102 2116 219 2172; x_wconf 91' lang='lat' dir='ltr'><strong>potorem</strong></span> <span class='ocrx_word' id='word_1_137' title='bbox 232 2109 353 2156; x_wconf 79' lang='lat' dir='ltr'><strong>cochlea:</strong></span> <span class='ocrx_word' id='word_1_138' title='bbox 374 2122 436 2156; x_wconf 89' lang='lat' dir='ltr'><strong>nam</strong></span> <span class='ocrx_word' id='word_1_139' title='bbox 447 2108 549 2157; x_wconf 80' lang='lat' dir='ltr'><strong>lactuca</strong></span> <span class='ocrx_word' id='word_1_140' title='bbox 560 2108 661 2156; x_wconf 84' lang='lat' dir='ltr'><strong>innatat</strong></span> <span class='ocrx_word' id='word_1_141' title='bbox 672 2106 726 2154; x_wconf 86' lang='lat' dir='ltr'><strong>acri</strong></span> 
     </span>
     <span class='ocr_line' id='line_1_23' title="bbox 54 2195 828 2261; baseline -0.006 -14"><span class='ocrx_word' id='word_1_142' title='bbox 54 2206 87 2249; x_wconf 81' lang='lat'><strong>60</strong></span> <span class='ocrx_word' id='word_1_143' title='bbox 103 2205 163 2261; x_wconf 88' lang='lat' dir='ltr'><strong>post</strong></span> <span class='ocrx_word' id='word_1_144' title='bbox 174 2199 261 2245; x_wconf 84' lang='lat' dir='ltr'><strong>vinum</strong></span> <span class='ocrx_word' id='word_1_145' title='bbox 272 2197 420 2256; x_wconf 77' lang='lat' dir='ltr'><strong>stomach03</strong></span> <span class='ocrx_word' id='word_1_146' title='bbox 435 2211 518 2259; x_wconf 84' lang='lat' dir='ltr'><strong>perne</strong></span> <span class='ocrx_word' id='word_1_147' title='bbox 527 2197 609 2258; x_wconf 82' lang='lat' dir='ltr'><strong>magis</strong></span> <span class='ocrx_word' id='word_1_148' title='bbox 622 2210 653 2243; x_wconf 88' lang='lat' dir='ltr'><strong>ae</strong></span> <span class='ocrx_word' id='word_1_149' title='bbox 665 2195 747 2258; x_wconf 74' lang='lat' dir='ltr'><strong>magis</strong></span> <span class='ocrx_word' id='word_1_150' title='bbox 759 2195 828 2243; x_wconf 88' lang='lat' dir='ltr'><strong>hillis</strong></span> 
     </span>
     <span class='ocr_line' id='line_1_24' title="bbox 103 2284 694 2348; baseline 0 -15"><span class='ocrx_word' id='word_1_151' title='bbox 103 2286 201 2347; x_wconf 84' lang='lat' dir='ltr'><strong>flagitat</strong></span> <span class='ocrx_word' id='word_1_152' title='bbox 214 2286 341 2334; x_wconf 87' lang='lat' dir='ltr'><strong>inmorsus</strong></span> <span class='ocrx_word' id='word_1_153' title='bbox 354 2285 432 2345; x_wconf 78' lang='lat' dir='ltr'><strong>retici,</strong></span> <span class='ocrx_word' id='word_1_154' title='bbox 448 2286 509 2348; x_wconf 90' lang='lat' dir='ltr'><strong>quin</strong></span> <span class='ocrx_word' id='word_1_155' title='bbox 523 2284 610 2333; x_wconf 89' lang='lat' dir='ltr'><strong>emnia</strong></span> <span class='ocrx_word' id='word_1_156' title='bbox 622 2286 694 2333; x_wconf 79' lang='lat' dir='ltr'><strong>malit</strong></span> 
     </span>
     <span class='ocr_line' id='line_1_25' title="bbox 104 2373 760 2438; baseline -0.002 -16"><span class='ocrx_word' id='word_1_157' title='bbox 104 2389 279 2438; x_wconf 78' lang='lat' dir='ltr'><strong>quaecumque</strong></span> <span class='ocrx_word' id='word_1_158' title='bbox 292 2374 420 2423; x_wconf 85' lang='lat' dir='ltr'><strong>inmundis</strong></span> <span class='ocrx_word' id='word_1_159' title='bbox 438 2375 537 2423; x_wconf 84' lang='lat' dir='ltr'><strong>fervent</strong></span> <span class='ocrx_word' id='word_1_160' title='bbox 550 2374 637 2422; x_wconf 81' lang='lat' dir='ltr'><strong>adleta</strong></span> <span class='ocrx_word' id='word_1_161' title='bbox 648 2373 760 2437; x_wconf 85' lang='lat' dir='ltr'><strong>popinis.</strong></span> 
     </span>
    </p>
   </div>
   <div class='ocr_carea' id='block_1_3' title="bbox 56 2462 735 2705">
    <p class='ocr_par' dir='ltr' id='par_1_3' title="bbox 56 2462 735 2705">
     <span class='ocr_line' id='line_1_26' title="bbox 103 2462 732 2527; baseline -0.005 -14"><span class='ocrx_word' id='word_1_162' title='bbox 103 2472 142 2513; x_wconf 91' lang='lat' dir='ltr'><strong>est</strong></span> <span class='ocrx_word' id='word_1_163' title='bbox 154 2478 248 2526; x_wconf 86' lang='lat' dir='ltr'><strong>operae</strong></span> <span class='ocrx_word' id='word_1_164' title='bbox 261 2464 370 2526; x_wconf 90' lang='lat' dir='ltr'><strong>pretium</strong></span> <span class='ocrx_word' id='word_1_165' title='bbox 383 2463 492 2527; x_wconf 87' lang='lat' dir='ltr'><strong>duplicis</strong></span> <span class='ocrx_word' id='word_1_166' title='bbox 506 2477 658 2525; x_wconf 85' lang='lat' dir='ltr'><strong>pernoscere</strong></span> <span class='ocrx_word' id='word_1_167' title='bbox 670 2462 732 2510; x_wconf 88' lang='lat' dir='ltr'><strong>iuris</strong></span> 
     </span>
     <span class='ocr_line' id='line_1_27' title="bbox 103 2552 678 2615; baseline -0.002 -15"><span class='ocrx_word' id='word_1_168' title='bbox 103 2560 229 2601; x_wconf 83' lang='lat' dir='ltr'><strong>naturam.</strong></span> <span class='ocrx_word' id='word_1_169' title='bbox 257 2553 366 2615; x_wconf 85' lang='lat' dir='ltr'><strong>simplex</strong></span> <span class='ocrx_word' id='word_1_170' title='bbox 378 2566 392 2600; x_wconf 91' lang='lat' dir='ltr'><strong>e</strong></span> <span class='ocrx_word' id='word_1_171' title='bbox 405 2552 473 2600; x_wconf 80' lang='lat' dir='ltr'><strong>dulci</strong></span> <span class='ocrx_word' id='word_1_172' title='bbox 486 2560 588 2600; x_wconf 84' lang='lat' dir='ltr'><strong>constat</strong></span> <span class='ocrx_word' id='word_1_173' title='bbox 600 2552 678 2610; x_wconf 84' lang='lat' dir='ltr'><strong>olivo,</strong></span> 
     </span>
     <span class='ocr_line' id='line_1_28' title="bbox 56 2640 735 2705; baseline -0.007 -12"><span class='ocrx_word' id='word_1_174' title='bbox 56 2650 88 2693; x_wconf 83' lang='lat'><strong>65</strong></span> <span class='ocrx_word' id='word_1_175' title='bbox 105 2641 173 2705; x_wconf 91' lang='lat' dir='ltr'><strong>quod</strong></span> <span class='ocrx_word' id='word_1_176' title='bbox 186 2640 275 2703; x_wconf 86' lang='lat' dir='ltr'><strong>pingui</strong></span> <span class='ocrx_word' id='word_1_177' title='bbox 287 2641 394 2689; x_wconf 89' lang='lat' dir='ltr'><strong>miscere</strong></span> <span class='ocrx_word' id='word_1_178' title='bbox 406 2656 477 2690; x_wconf 88' lang='lat' dir='ltr'><strong>mero</strong></span> <span class='ocrx_word' id='word_1_179' title='bbox 490 2641 622 2705; x_wconf 85' lang='lat' dir='ltr'><strong>muriaque</strong></span> <span class='ocrx_word' id='word_1_180' title='bbox 634 2641 735 2689; x_wconf 85' lang='lat' dir='ltr'><strong>decebit</strong></span> 
     </span>
    </p>
   </div>
   <div class='ocr_carea' id='block_1_4' title="bbox 0 0 971 3117">
    <p class='ocr_par' dir='ltr' id='par_1_4' title="bbox 0 0 971 3117">
     <span class='ocr_line' id='line_1_29' title="bbox 0 0 971 3117; baseline 0 0"><span class='ocrx_word' id='word_1_181' title='bbox 0 0 971 3117; x_wconf 95' lang='lat' dir='ltr'><strong> </strong></span> 
     </span>
    </p>
   </div>
  </div>
 </body>
</html>
