1917 3117
133 206 185 257 142
425 211 589 250 ΟΑΒΜΙΝΙΙΜ

131 368 210 417 iudex
224 369 360 418 honestum
372 370 492 431 praetulit
504 368 569 428 utili,

131 457 218 507 reiecit
230 459 283 507 alte
297 458 366 506 dena
378 458 525 506 nocentium

131 547 210 607 voltu,
225 562 272 610 per
283 547 409 595 obstantis
423 556 537 596 catervae

132 636 255 700 explicuit
267 651 314 685 aua
326 636 407 684 victor
424 651 504 684 arma.

79 789 110 828 45
132 794 185 827 nou
199 780 373 843 possidentem
386 779 466 827 multa
478 778 609 827 vocaveris

131 876 199 917 recte
212 869 329 928 beatum3
351 868 443 916 rectius
457 876 567 931 occupat

131 972 225 1006 nomen
239 958 315 1017 beati,
332 957 375 1020 qui
388 957 495 1005 deorum

130 1047 276 1097 muneribus
289 1047 418 1110 sapienter
429 1046 465 1094 nti

131 1190 271 1253 durumque
284 1189 361 1238 callet
373 1190 523 1253 pauperiem
536 1188 590 1251 peti

80 1287 111 1329 50
131 1278 254 1342 peiusque
267 1279 318 1327 leto
333 1278 456 1340 flagitium
469 1279 550 1336 timet,

131 1383 183 1416 uon
197 1368 241 1416 ille
253 1382 300 1430 pro
313 1366 378 1415 caris
392 1367 479 1416 amicis

131 1464 174 1505 aut
186 1456 268 1519 patria
279 1455 382 1504 timidus
395 1457 486 1520 perire.

131 2007 153 2058 0
167 2008 276 2056 crudelis
290 2007 373 2055 adhuc
387 2015 411 2056 et
423 2007 533 2056 Veneris
547 2007 695 2056 muneribus
708 2015 810 2069 potens,

128 2098 259 2161 insperata
271 2104 330 2145 tuae
343 2111 400 2144 cum
412 2098 497 2146 veniet
509 2097 597 2160 pluma
608 2095 752 2159 superbiae,

130 2195 163 2246 et,
180 2201 246 2250 quae
258 2200 328 2234 nunc
340 2186 433 2234 umeris
445 2186 590 2244 involiteua
607 2185 748 2234 deciderint
759 2199 860 2244 cumae,

130 2291 198 2324 nuuc
212 2284 237 2324 et
249 2275 293 2338 qui
306 2275 378 2323 color
391 2283 430 2323 est
442 2276 566 2338 puniceae
578 2275 642 2323 flore
654 2275 725 2338 prior
737 2288 821 2333 rosae,

96 2427 108 2466 5
129 2417 248 2476 mutatus,
264 2417 394 2481 Ligurine,
410 2417 436 2466 iu
449 2417 542 2466 faeiem
555 2418 656 2466 verterit
668 2417 804 2480 hispidam,

130 2506 197 2555 dices
210 2506 277 2554 ‘heu'
290 2507 407 2568 quotiens
420 2513 446 2554 te
458 2506 563 2569 speculo
576 2507 668 2555 videris
681 2506 797 2562 alterum,

128 2595 203 2657 ‘qnae
215 2609 287 2643 mene
301 2603 339 2642 eet
351 2594 436 2653 hodie,
452 2610 498 2643 eur
509 2595 599 2643 eadem
612 2609 665 2642 uon
678 2608 758 2657 puero
770 2592 828 2652 suit,

129 2684 167 2732 vel
182 2698 226 2731 eur
238 2683 278 2730 his
290 2683 381 2731 animis
394 2683 535 2732 incolumes
550 2698 602 2731 uon
616 2684 722 2731 redeunt
734 2683 843 2745 genae?
