1917 3117
126 218 179 268 230
404 219 576 258 sarmarum

126 393 214 428 verum
226 377 267 426 hie
280 377 396 439 inpransi
407 390 507 424 meeum
520 376 659 438 disquirite.
687 376 741 422 ‘eur
753 373 831 423 hoe?

127 466 219 526 dicem,
235 467 256 514 si
268 477 369 528 potero.
396 465 464 513 male
476 479 565 513 verum
577 466 707 513 examinat
721 464 804 511 omnis

127 562 262 618 corruptus
274 554 360 601 iudex.
389 554 505 616 leporem
517 561 627 601 sectatus
640 567 739 616 equove

83 652 112 693 10
126 644 209 692 lassus
222 644 254 690 ab
267 642 392 691 indomito
405 642 455 700 vel,
471 642 492 690 si
505 641 623 689 Romana
635 642 727 704 fatigat

127 731 217 780 militie
229 731 361 778 adsuetum
376 731 500 791 graecari,
516 745 561 777 seu
574 729 628 792 pila
640 730 716 778 velox

126 818 237 867 molliter
249 826 376 866 austerum
390 818 473 865 studio
488 818 595 868 fallente
607 818 731 876 laborem,

127 921 172 955 seu
185 916 209 956 te
225 907 308 954 diseus
322 907 374 969 egit
387 906 458 969 (pete
471 906 605 955 cedentem
617 922 677 955 aera
690 908 783 969 diseo),

128 1008 186 1043 eum
197 995 272 1043 labor
285 996 414 1044 extuderit
425 995 537 1054 fastidia,
553 995 644 1052 uirens,
660 996 745 1044 inanis

83 1093 112 1133 15
127 1098 220 1147 sperne
232 1084 317 1132 cibum
329 1084 419 1132 vilem:
442 1083 492 1132 nisi
505 1083 634 1145 Hymettia
646 1084 723 1132 mella
736 1085 849 1133 Falerno

127 1186 160 1221 ne
174 1172 268 1220 biberis
282 1172 371 1220 diluta.
399 1172 462 1221 foris
475 1180 514 1221 est
527 1186 639 1235 promus,
656 1182 683 1221 et
693 1181 776 1221 atrum

128 1260 270 1310 defendens
283 1261 360 1323 piscis
374 1260 469 1309 hiemat
480 1275 565 1319 mure:
587 1275 645 1308 eum
657 1261 711 1310 sale
724 1261 799 1324 panis

128 1349 264 1397 latrantem
273 1349 434 1397 stomachum
447 1350 514 1397 bene
526 1350 612 1398 leniet.
640 1351 709 1398 unde
720 1358 795 1412 putas
808 1358 855 1398 aut

128 1437 171 1499 qui
184 1437 302 1500 partum?
322 1452 375 1485 non
387 1439 414 1486 iu
428 1452 487 1486 caro
500 1438 592 1486 nidore
604 1438 722 1501 voluptas

82 1533 113 1574 20
128 1541 234 1585 summa,
251 1526 295 1574 aad
310 1526 336 1573 in
354 1527 448 1590 teipso
462 1534 508 1575 est.
535 1534 562 1574 tu
575 1527 746 1589 pulmentaria
758 1541 855 1588 quaere

128 1614 261 1662 sudando:
283 1614 405 1677 pinguem
416 1614 482 1662 vitiis
495 1616 633 1678 albumque
646 1630 731 1678 neque
744 1623 831 1664 ostrea

127 1717 176 1751 nee
189 1717 276 1751 scarus
289 1711 334 1751 aut
346 1704 439 1766 poterit
451 1704 588 1766 peregrina
600 1705 685 1752 iuvare
702 1704 796 1766 lagois.

127 1792 169 1839 nix
182 1801 269 1841 tamen
281 1791 394 1854 eripiam,
411 1790 494 1854 posito
508 1807 608 1855 pavone
621 1793 683 1841 velis
696 1792 758 1855 quin

128 1881 177 1928 hoe
190 1880 274 1943 potius
288 1895 365 1943 quam
378 1880 476 1941 gallina
489 1890 590 1943 tergere
602 1882 724 1945 palatum,

82 1975 112 2018 25
128 1977 261 2032 corruptus
275 1969 345 2016 vanis
359 1982 456 2028 rerum;
478 1971 538 2032 quin
551 1978 642 2019 veneat
654 1985 716 2017 auro

128 2073 185 2106 rara
198 2059 249 2105 avis
264 2066 289 2106 et
302 2058 371 2120 pieta
384 2059 482 2120 pandat
495 2059 641 2121 spectacula
654 2059 751 2106 cauda:

127 2146 624 2210 tamquamadremattineatquiequam.
640 2145 879 2194 numveseerisistu

128 2250 204 2297 quum
217 2235 308 2282 laudas
322 2235 427 2297 pluma?
448 2244 522 2283 coeto
536 2250 597 2282 uum
609 2235 681 2282 udest
693 2235 778 2283 honor
790 2234 881 2282 idem?

127 2338 203 2373 earne
216 2331 302 2372 tamen
316 2323 431 2385 quamvis
446 2323 523 2371 distat
536 2323 599 2371 nihil
612 2324 660 2370 hnc
673 2324 755 2385 magis
768 2323 823 2380 ilia,

80 2419 112 2460 ³0
126 2412 259 2474 inparibus
271 2411 362 2459 formis
375 2412 510 2475 deceptum
522 2420 547 2461 te
560 2420 639 2474 patet.
669 2420 732 2460 esto.

128 2498 195 2547 unde
209 2499 295 2547 datum
309 2499 398 2559 sentis,
414 2501 490 2562 lupus
503 2500 544 2547 hie
558 2500 694 2549 Tiberinus
707 2515 741 2548 an
753 2499 806 2548 alto

128 2593 217 2648 eaptus
231 2586 291 2644 hiet,
306 2588 427 2649 pontisne
439 2588 506 2636 inter
517 2590 626 2636 iactatus
640 2603 673 2636 an
687 2588 769 2636 amuis

128 2673 195 2721 ostia
207 2675 253 2722 sub
267 2674 362 2723 Tusci?
376 2676 465 2723 laudas
478 2676 571 2725 insane
584 2676 707 2725 trilibrem
