<?xml version="1.0" encoding="UTF-8"?>
<!DOCTYPE html PUBLIC "-//W3C//DTD XHTML 1.0 Transitional//EN"
    "http://www.w3.org/TR/xhtml1/DTD/xhtml1-transitional.dtd">
<html xmlns="http://www.w3.org/1999/xhtml" xml:lang="en" lang="en">
 <head>
  <title>
</title>
<meta http-equiv="Content-Type" content="text/html;charset=utf-8" />
  <meta name='ocr-system' content='tesseract 3.04.00' />
  <meta name='ocr-capabilities' content='ocr_page ocr_carea ocr_par ocr_line ocrx_word'/>
</head>
<body>
  <div class='ocr_page' id='page_1' title='image "./opera00haupgoog_0255.png"; bbox 0 0 1917 3117; ppageno 0'>
   <div class='ocr_carea' id='block_1_1' title="bbox 416 180 846 229">
    <p class='ocr_par' dir='ltr' id='par_1_1' title="bbox 416 180 846 229">
     <span class='ocr_line' id='line_1_1' title="bbox 416 180 846 229; baseline 0 -8"><span class='ocrx_word' id='word_1_1' title='bbox 416 183 505 221; x_wconf 79' lang='lat' dir='ltr'>LIBER</span> <span class='ocrx_word' id='word_1_2' title='bbox 519 183 552 221; x_wconf 88' lang='lat'>11.</span> <span class='ocrx_word' id='word_1_3' title='bbox 796 180 846 229; x_wconf 73' lang='lat'>231</span> 
     </span>
    </p>
   </div>
   <div class='ocr_carea' id='block_1_2' title="bbox 39 339 869 2704">
    <p class='ocr_par' dir='ltr' id='par_1_2' title="bbox 39 339 869 2704">
     <span class='ocr_line' id='line_1_2' title="bbox 123 339 868 403; baseline 0 -15"><span class='ocrx_word' id='word_1_4' title='bbox 123 341 239 393; x_wconf 82' lang='lat' dir='ltr'>mullum,</span> <span class='ocrx_word' id='word_1_5' title='bbox 254 340 281 388; x_wconf 90' lang='lat' dir='ltr'>iu</span> <span class='ocrx_word' id='word_1_6' title='bbox 296 339 397 402; x_wconf 85' lang='lat' dir='ltr'>singula</span> <span class='ocrx_word' id='word_1_7' title='bbox 415 355 492 402; x_wconf 89' lang='lat' dir='ltr'>quem</span> <span class='ocrx_word' id='word_1_8' title='bbox 509 341 609 388; x_wconf 73' lang='lat' dir='ltr'>minum</span> <span class='ocrx_word' id='word_1_9' title='bbox 629 342 761 403; x_wconf 89' lang='lat' dir='ltr'>pulmenta</span> <span class='ocrx_word' id='word_1_10' title='bbox 780 354 868 388; x_wconf 88' lang='lat' dir='ltr'>neees-</span> 
     </span>
     <span class='ocr_line' id='line_1_3' title="bbox 485 436 546 476; baseline 0 -1"><span class='ocrx_word' id='word_1_11' title='bbox 485 436 546 476; x_wconf 88' lang='lat' dir='ltr'>sest.</span> 
     </span>
     <span class='ocr_line' id='line_1_4' title="bbox 76 517 732 580; baseline -0.003 -14"><span class='ocrx_word' id='word_1_12' title='bbox 76 526 108 567; x_wconf 84' lang='lat'>35</span> <span class='ocrx_word' id='word_1_13' title='bbox 124 518 193 565; x_wconf 90' lang='lat' dir='ltr'>ducit</span> <span class='ocrx_word' id='word_1_14' title='bbox 206 525 230 566; x_wconf 90' lang='lat' dir='ltr'>te</span> <span class='ocrx_word' id='word_1_15' title='bbox 243 517 350 579; x_wconf 84' lang='lat' dir='ltr'>species,</span> <span class='ocrx_word' id='word_1_16' title='bbox 366 517 449 565; x_wconf 84' lang='lat' dir='ltr'>rideo.</span> <span class='ocrx_word' id='word_1_17' title='bbox 478 532 530 580; x_wconf 87' lang='lat' dir='ltr'>quo</span> <span class='ocrx_word' id='word_1_18' title='bbox 549 518 658 580; x_wconf 83' lang='lat' dir='ltr'>pertinet</span> <span class='ocrx_word' id='word_1_19' title='bbox 669 530 732 579; x_wconf 83' lang='lat' dir='ltr'>ergo</span> 
     </span>
     <span class='ocr_line' id='line_1_5' title="bbox 124 605 703 670; baseline -0.002 -16"><span class='ocrx_word' id='word_1_20' title='bbox 124 620 246 670; x_wconf 88' lang='lat' dir='ltr'>proceros</span> <span class='ocrx_word' id='word_1_21' title='bbox 260 606 345 653; x_wconf 88' lang='lat' dir='ltr'>odisse</span> <span class='ocrx_word' id='word_1_22' title='bbox 357 605 450 668; x_wconf 81' lang='lat' dir='ltr'>lupos?</span> <span class='ocrx_word' id='word_1_23' title='bbox 471 606 530 667; x_wconf 89' lang='lat' dir='ltr'>qnia</span> <span class='ocrx_word' id='word_1_24' title='bbox 543 606 640 655; x_wconf 89' lang='lat' dir='ltr'>scilieet</span> <span class='ocrx_word' id='word_1_25' title='bbox 652 605 703 654; x_wconf 90' lang='lat' dir='ltr'>illis</span> 
     </span>
     <span class='ocr_line' id='line_1_6' title="bbox 124 693 821 757; baseline 0 -16"><span class='ocrx_word' id='word_1_26' title='bbox 124 694 248 742; x_wconf 86' lang='lat' dir='ltr'>maiorem</span> <span class='ocrx_word' id='word_1_27' title='bbox 261 701 353 743; x_wconf 84' lang='lat' dir='ltr'>natura</span> <span class='ocrx_word' id='word_1_28' title='bbox 365 694 470 742; x_wconf 84' lang='lat' dir='ltr'>modum</span> <span class='ocrx_word' id='word_1_29' title='bbox 485 695 562 750; x_wconf 81' lang='lat' dir='ltr'>dedit,</span> <span class='ocrx_word' id='word_1_30' title='bbox 578 695 617 742; x_wconf 88' lang='lat' dir='ltr'>his</span> <span class='ocrx_word' id='word_1_31' title='bbox 630 696 706 743; x_wconf 85' lang='lat' dir='ltr'>breve</span> <span class='ocrx_word' id='word_1_32' title='bbox 720 693 821 757; x_wconf 88' lang='lat' dir='ltr'>pondus</span> 
     </span>
     <span class='ocr_line' id='line_1_7' title="bbox 124 782 695 846; baseline -0.002 -17"><span class='ocrx_word' id='word_1_33' title='bbox 124 782 224 831; x_wconf 90' lang='lat' dir='ltr'>ieiunus</span> <span class='ocrx_word' id='word_1_34' title='bbox 236 796 294 830; x_wconf 84' lang='lat' dir='ltr'>raro</span> <span class='ocrx_word' id='word_1_35' title='bbox 307 783 454 831; x_wconf 79' lang='lat' dir='ltr'>stomachus</span> <span class='ocrx_word' id='word_1_36' title='bbox 468 783 584 846; x_wconf 76' lang='lat' dir='ltr'>volgaria</span> <span class='ocrx_word' id='word_1_37' title='bbox 596 783 695 831; x_wconf 81' lang='lat' dir='ltr'>temnit.</span> 
     </span>
     <span class='ocr_line' id='line_1_8' title="bbox 124 872 756 934; baseline 0 -16"><span class='ocrx_word' id='word_1_38' title='bbox 124 872 278 933; x_wconf 86' lang='lat' dir='ltr'>‘porrectum</span> <span class='ocrx_word' id='word_1_39' title='bbox 291 885 386 932; x_wconf 86' lang='lat' dir='ltr'>magno</span> <span class='ocrx_word' id='word_1_40' title='bbox 399 885 522 933; x_wconf 85' lang='lat' dir='ltr'>magnum</span> <span class='ocrx_word' id='word_1_41' title='bbox 535 880 652 934; x_wconf 86' lang='lat' dir='ltr'>spectare</span> <span class='ocrx_word' id='word_1_42' title='bbox 670 872 756 919; x_wconf 91' lang='lat' dir='ltr'>catino</span> 
     </span>
     <span class='ocr_line' id='line_1_9' title="bbox 76 958 840 1026; baseline -0.001 -18"><span class='ocrx_word' id='word_1_43' title='bbox 76 969 110 1008; x_wconf 78' lang='lat' dir='ltr'>te</span> <span class='ocrx_word' id='word_1_44' title='bbox 125 960 226 1008; x_wconf 86' lang='lat' dir='ltr'>vellem&#39;</span> <span class='ocrx_word' id='word_1_45' title='bbox 238 960 274 1007; x_wconf 92' lang='lat' dir='ltr'>ait</span> <span class='ocrx_word' id='word_1_46' title='bbox 286 958 405 1021; x_wconf 79' lang='lat' dir='ltr'>Harpyiis</span> <span class='ocrx_word' id='word_1_47' title='bbox 418 960 479 1021; x_wconf 84' lang='lat' dir='ltr'>gula</span> <span class='ocrx_word' id='word_1_48' title='bbox 493 961 571 1026; x_wconf 84' lang='lat' dir='ltr'>digna</span> <span class='ocrx_word' id='word_1_49' title='bbox 583 959 729 1022; x_wconf 84' lang='lat' dir='ltr'>rapacibus.</span> <span class='ocrx_word' id='word_1_50' title='bbox 755 967 782 1007; x_wconf 86' lang='lat' dir='ltr'>at</span> <span class='ocrx_word' id='word_1_51' title='bbox 794 974 840 1007; x_wconf 91' lang='lat' dir='ltr'>vos</span> 
     </span>
     <span class='ocr_line' id='line_1_10' title="bbox 126 1048 869 1111; baseline 0 -16"><span class='ocrx_word' id='word_1_52' title='bbox 126 1056 287 1111; x_wconf 80' lang='lat' dir='ltr'>praesentes,</span> <span class='ocrx_word' id='word_1_53' title='bbox 309 1048 394 1096; x_wconf 87' lang='lat' dir='ltr'>austri.</span> <span class='ocrx_word' id='word_1_54' title='bbox 416 1048 519 1111; x_wconf 84' lang='lat' dir='ltr'>coquite</span> <span class='ocrx_word' id='word_1_55' title='bbox 532 1048 624 1096; x_wconf 90' lang='lat' dir='ltr'>horum</span> <span class='ocrx_word' id='word_1_56' title='bbox 636 1048 746 1096; x_wconf 86' lang='lat' dir='ltr'>obsonia</span> <span class='ocrx_word' id='word_1_57' title='bbox 782 1063 869 1109; x_wconf 88' lang='lat' dir='ltr'>quum·</span> 
     </span>
     <span class='ocr_line' id='line_1_11' title="bbox 485 1150 562 1198; baseline 0.026 -16"><span class='ocrx_word' id='word_1_58' title='bbox 485 1150 562 1198; x_wconf 82' lang='lat' dir='ltr'>quam</span> 
     </span>
     <span class='ocr_line' id='line_1_12' title="bbox 39 1221 868 1287; baseline -0.005 -14"><span class='ocrx_word' id='word_1_59' title='bbox 39 1221 42 1226; x_wconf 62' lang='grc'>“</span> <span class='ocrx_word' id='word_1_60' title='bbox 124 1232 196 1287; x_wconf 85' lang='lat' dir='ltr'>putet</span> <span class='ocrx_word' id='word_1_61' title='bbox 208 1239 269 1287; x_wconf 89' lang='lat' dir='ltr'>aper</span> <span class='ocrx_word' id='word_1_62' title='bbox 281 1225 455 1287; x_wconf 86' lang='lat' dir='ltr'>rhombusque</span> <span class='ocrx_word' id='word_1_63' title='bbox 472 1239 571 1283; x_wconf 90' lang='lat' dir='ltr'>reeens,</span> <span class='ocrx_word' id='word_1_64' title='bbox 587 1224 655 1272; x_wconf 87' lang='lat' dir='ltr'>mala</span> <span class='ocrx_word' id='word_1_65' title='bbox 672 1222 748 1285; x_wconf 90' lang='lat' dir='ltr'>copia</span> <span class='ocrx_word' id='word_1_66' title='bbox 764 1223 868 1284; x_wconf 84' lang='lat' dir='ltr'>quando</span> 
     </span>
     <span class='ocr_line' id='line_1_13' title="bbox 124 1311 828 1376; baseline -0.003 -16"><span class='ocrx_word' id='word_1_67' title='bbox 124 1328 229 1376; x_wconf 88' lang='lat' dir='ltr'>aegrum</span> <span class='ocrx_word' id='word_1_68' title='bbox 242 1313 363 1362; x_wconf 88' lang='lat' dir='ltr'>sollicitat</span> <span class='ocrx_word' id='word_1_69' title='bbox 375 1314 543 1362; x_wconf 82' lang='lat' dir='ltr'>stomachum.</span> <span class='ocrx_word' id='word_1_70' title='bbox 560 1328 618 1361; x_wconf 90' lang='lat' dir='ltr'>cum</span> <span class='ocrx_word' id='word_1_71' title='bbox 633 1312 724 1375; x_wconf 88' lang='lat' dir='ltr'>rapula</span> <span class='ocrx_word' id='word_1_72' title='bbox 737 1311 828 1374; x_wconf 88' lang='lat' dir='ltr'>plenus</span> 
     </span>
     <span class='ocr_line' id='line_1_14' title="bbox 124 1400 857 1464; baseline -0.003 -15"><span class='ocrx_word' id='word_1_73' title='bbox 124 1409 201 1464; x_wconf 85' lang='lat' dir='ltr'>atque</span> <span class='ocrx_word' id='word_1_74' title='bbox 215 1402 302 1450; x_wconf 89' lang='lat' dir='ltr'>acidas</span> <span class='ocrx_word' id='word_1_75' title='bbox 315 1402 411 1450; x_wconf 86' lang='lat' dir='ltr'>mavolt</span> <span class='ocrx_word' id='word_1_76' title='bbox 423 1403 517 1451; x_wconf 90' lang='lat' dir='ltr'>inulas.</span> <span class='ocrx_word' id='word_1_77' title='bbox 545 1401 656 1450; x_wconf 90' lang='lat' dir='ltr'>necdum</span> <span class='ocrx_word' id='word_1_78' title='bbox 669 1400 752 1448; x_wconf 86' lang='lat' dir='ltr'>omnis</span> <span class='ocrx_word' id='word_1_79' title='bbox 765 1401 857 1448; x_wconf 87' lang='lat' dir='ltr'>abacta</span> 
     </span>
     <span class='ocr_line' id='line_1_15' title="bbox 76 1490 719 1553; baseline -0.005 -14"><span class='ocrx_word' id='word_1_80' title='bbox 76 1499 109 1539; x_wconf 77' lang='lat'>45</span> <span class='ocrx_word' id='word_1_81' title='bbox 124 1491 259 1553; x_wconf 87' lang='lat' dir='ltr'>pauperies</span> <span class='ocrx_word' id='word_1_82' title='bbox 273 1492 355 1553; x_wconf 90' lang='lat' dir='ltr'>epulis</span> <span class='ocrx_word' id='word_1_83' title='bbox 368 1506 472 1553; x_wconf 87' lang='lat' dir='ltr'>regum:</span> <span class='ocrx_word' id='word_1_84' title='bbox 489 1505 549 1538; x_wconf 89' lang='lat' dir='ltr'>nam</span> <span class='ocrx_word' id='word_1_85' title='bbox 562 1490 653 1538; x_wconf 91' lang='lat' dir='ltr'>vilibus</span> <span class='ocrx_word' id='word_1_86' title='bbox 666 1490 719 1537; x_wconf 89' lang='lat' dir='ltr'>ovis</span> 
     </span>
     <span class='ocr_line' id='line_1_16' title="bbox 125 1577 825 1647; baseline -0.001 -22"><span class='ocrx_word' id='word_1_87' title='bbox 125 1579 256 1640; x_wconf 84' lang='lat' dir='ltr'>nigrisque</span> <span class='ocrx_word' id='word_1_88' title='bbox 269 1588 308 1627; x_wconf 88' lang='lat' dir='ltr'>cst</span> <span class='ocrx_word' id='word_1_89' title='bbox 320 1579 384 1627; x_wconf 92' lang='lat' dir='ltr'>oleis</span> <span class='ocrx_word' id='word_1_90' title='bbox 398 1580 475 1628; x_wconf 91' lang='lat' dir='ltr'>hodie</span> <span class='ocrx_word' id='word_1_91' title='bbox 488 1580 571 1627; x_wconf 83' lang='lat' dir='ltr'>locus.</span> <span class='ocrx_word' id='word_1_92' title='bbox 599 1579 666 1647; x_wconf 74' lang='lat' dir='ltr'>haud</span> <span class='ocrx_word' id='word_1_93' title='bbox 679 1579 714 1626; x_wconf 86' lang='lat' dir='ltr'>ita</span> <span class='ocrx_word' id='word_1_94' title='bbox 727 1577 825 1640; x_wconf 89' lang='lat' dir='ltr'>pridem</span> 
     </span>
     <span class='ocr_line' id='line_1_17' title="bbox 126 1664 716 1730; baseline 0.002 -18"><span class='ocrx_word' id='word_1_95' title='bbox 126 1664 232 1713; x_wconf 83' lang='lat' dir='ltr'>Galloni</span> <span class='ocrx_word' id='word_1_96' title='bbox 245 1666 379 1727; x_wconf 86' lang='lat' dir='ltr'>praeconis</span> <span class='ocrx_word' id='word_1_97' title='bbox 393 1675 447 1714; x_wconf 82' lang='lat' dir='ltr'>erat</span> <span class='ocrx_word' id='word_1_98' title='bbox 460 1669 608 1730; x_wconf 86' lang='lat' dir='ltr'>acipensere</span> <span class='ocrx_word' id='word_1_99' title='bbox 626 1681 716 1715; x_wconf 89' lang='lat' dir='ltr'>mensa</span> 
     </span>
     <span class='ocr_line' id='line_1_18' title="bbox 124 1753 869 1817; baseline 0.001 -17"><span class='ocrx_word' id='word_1_100' title='bbox 124 1753 237 1801; x_wconf 83' lang='lat' dir='ltr'>infamis.</span> <span class='ocrx_word' id='word_1_101' title='bbox 258 1753 335 1815; x_wconf 81' lang='lat' dir='ltr'>quid?</span> <span class='ocrx_word' id='word_1_102' title='bbox 348 1760 401 1801; x_wconf 84' lang='lat' dir='ltr'>lum</span> <span class='ocrx_word' id='word_1_103' title='bbox 409 1756 531 1803; x_wconf 90' lang='lat' dir='ltr'>rhombos</span> <span class='ocrx_word' id='word_1_104' title='bbox 538 1753 869 1817; x_wconf 84' lang='lat' dir='ltr'>minusaequoraslebant?</span> 
     </span>
     <span class='ocr_line' id='line_1_19' title="bbox 51 1842 722 1905; baseline 0 -15"><span class='ocrx_word' id='word_1_105' title='bbox 51 1856 54 1861; x_wconf 89' lang='grc'><strong>’</strong></span> <span class='ocrx_word' id='word_1_106' title='bbox 125 1850 193 1891; x_wconf 87' lang='lat' dir='ltr'>tutus</span> <span class='ocrx_word' id='word_1_107' title='bbox 207 1849 261 1890; x_wconf 90' lang='lat' dir='ltr'>erat</span> <span class='ocrx_word' id='word_1_108' title='bbox 273 1842 404 1901; x_wconf 89' lang='lat' dir='ltr'>rhombus,</span> <span class='ocrx_word' id='word_1_109' title='bbox 419 1850 526 1905; x_wconf 84' lang='lat' dir='ltr'>tutoque</span> <span class='ocrx_word' id='word_1_110' title='bbox 539 1843 639 1891; x_wconf 86' lang='lat' dir='ltr'>ciconia</span> <span class='ocrx_word' id='word_1_111' title='bbox 651 1844 722 1900; x_wconf 90' lang='lat' dir='ltr'>nido,</span> 
     </span>
     <span class='ocr_line' id='line_1_20' title="bbox 80 1931 720 1993; baseline -0.002 -14"><span class='ocrx_word' id='word_1_112' title='bbox 80 1940 110 1981; x_wconf 83' lang='lat'>50</span> <span class='ocrx_word' id='word_1_113' title='bbox 126 1932 208 1979; x_wconf 90' lang='lat' dir='ltr'>donec</span> <span class='ocrx_word' id='word_1_114' title='bbox 221 1945 267 1978; x_wconf 88' lang='lat' dir='ltr'>vos</span> <span class='ocrx_word' id='word_1_115' title='bbox 280 1939 369 1978; x_wconf 85' lang='lat' dir='ltr'>auctor</span> <span class='ocrx_word' id='word_1_116' title='bbox 382 1931 469 1978; x_wconf 88' lang='lat' dir='ltr'>docuit</span> <span class='ocrx_word' id='word_1_117' title='bbox 481 1931 632 1993; x_wconf 87' lang='lat' dir='ltr'>praetorius.</span> <span class='ocrx_word' id='word_1_118' title='bbox 660 1945 720 1992; x_wconf 86' lang='lat' dir='ltr'>ergo</span> 
     </span>
     <span class='ocr_line' id='line_1_21' title="bbox 126 2019 717 2083; baseline -0.007 -14"><span class='ocrx_word' id='word_1_119' title='bbox 126 2020 206 2083; x_wconf 84' lang='lat' dir='ltr'>siquis</span> <span class='ocrx_word' id='word_1_120' title='bbox 218 2034 287 2068; x_wconf 90' lang='lat' dir='ltr'>nunc</span> <span class='ocrx_word' id='word_1_121' title='bbox 300 2034 401 2082; x_wconf 87' lang='lat' dir='ltr'>mergos</span> <span class='ocrx_word' id='word_1_122' title='bbox 415 2020 498 2067; x_wconf 84' lang='lat' dir='ltr'>suavis</span> <span class='ocrx_word' id='word_1_123' title='bbox 512 2019 620 2067; x_wconf 79' lang='lat' dir='ltr'>edixerit</span> <span class='ocrx_word' id='word_1_124' title='bbox 636 2034 717 2073; x_wconf 88' lang='lat' dir='ltr'>assos,</span> 
     </span>
     <span class='ocr_line' id='line_1_22' title="bbox 126 2093 669 2172; baseline -0.004 -16"><span class='ocrx_word' id='word_1_125' title='bbox 126 2110 225 2172; x_wconf 88' lang='lat' dir='ltr'>parebit</span> <span class='ocrx_word' id='word_1_126' title='bbox 238 2109 307 2171; x_wconf 89' lang='lat' dir='ltr'>pravi</span> <span class='ocrx_word' id='word_1_127' title='bbox 320 2109 410 2156; x_wconf 84' lang='lat' dir='ltr'>docilis</span> <span class='ocrx_word' id='word_1_128' title='bbox 424 2093 541 2155; x_wconf 82' lang='lat' dir='ltr'>Romana</span> <span class='ocrx_word' id='word_1_129' title='bbox 552 2109 669 2155; x_wconf 84' lang='lat' dir='ltr'>iuventus</span> 
     </span>
     <span class='ocr_line' id='line_1_23' title="bbox 126 2195 667 2253; baseline 0 -9"><span class='ocrx_word' id='word_1_130' title='bbox 126 2198 243 2245; x_wconf 91' lang='lat' dir='ltr'>sordidus</span> <span class='ocrx_word' id='word_1_131' title='bbox 256 2212 272 2244; x_wconf 89' lang='lat' dir='ltr'>a</span> <span class='ocrx_word' id='word_1_132' title='bbox 284 2198 352 2246; x_wconf 90' lang='lat' dir='ltr'>tenui</span> <span class='ocrx_word' id='word_1_133' title='bbox 367 2198 435 2245; x_wconf 86' lang='lat' dir='ltr'>victu</span> <span class='ocrx_word' id='word_1_134' title='bbox 449 2196 562 2253; x_wconf 88' lang='lat' dir='ltr'>distabit,</span> <span class='ocrx_word' id='word_1_135' title='bbox 580 2195 667 2244; x_wconf 86' lang='lat' dir='ltr'>Ofello</span> 
     </span>
     <span class='ocr_line' id='line_1_24' title="bbox 126 2284 724 2342; baseline -0.003 -9"><span class='ocrx_word' id='word_1_136' title='bbox 126 2286 217 2334; x_wconf 90' lang='lat' dir='ltr'>iudice.</span> <span class='ocrx_word' id='word_1_137' title='bbox 243 2301 303 2334; x_wconf 92' lang='lat' dir='ltr'>nam</span> <span class='ocrx_word' id='word_1_138' title='bbox 315 2286 410 2334; x_wconf 87' lang='lat' dir='ltr'>frustra</span> <span class='ocrx_word' id='word_1_139' title='bbox 422 2286 510 2334; x_wconf 89' lang='lat' dir='ltr'>vitium</span> <span class='ocrx_word' id='word_1_140' title='bbox 523 2286 638 2333; x_wconf 84' lang='lat' dir='ltr'>vitaveris</span> <span class='ocrx_word' id='word_1_141' title='bbox 651 2284 724 2342; x_wconf 90' lang='lat' dir='ltr'>illud,</span> 
     </span>
     <span class='ocr_line' id='line_1_25' title="bbox 83 2373 706 2437; baseline -0.003 -15"><span class='ocrx_word' id='word_1_142' title='bbox 83 2384 112 2422; x_wconf 82' lang='lat'>55</span> <span class='ocrx_word' id='word_1_143' title='bbox 127 2374 148 2421; x_wconf 89' lang='lat' dir='ltr'>si</span> <span class='ocrx_word' id='word_1_144' title='bbox 161 2382 187 2422; x_wconf 88' lang='lat' dir='ltr'>tc</span> <span class='ocrx_word' id='word_1_145' title='bbox 200 2375 251 2422; x_wconf 92' lang='lat' dir='ltr'>alio</span> <span class='ocrx_word' id='word_1_146' title='bbox 264 2390 370 2437; x_wconf 86' lang='lat' dir='ltr'>pravum</span> <span class='ocrx_word' id='word_1_147' title='bbox 384 2374 530 2423; x_wconf 86' lang='lat' dir='ltr'>detorseris.</span> <span class='ocrx_word' id='word_1_148' title='bbox 558 2373 706 2431; x_wconf 84' lang='lat' dir='ltr'>Avidienus,</span> 
     </span>
     <span class='ocr_line' id='line_1_26' title="bbox 128 2463 789 2526; baseline -0.002 -16"><span class='ocrx_word' id='word_1_149' title='bbox 128 2464 167 2510; x_wconf 89' lang='lat' dir='ltr'>cui</span> <span class='ocrx_word' id='word_1_150' title='bbox 180 2463 252 2510; x_wconf 87' lang='lat' dir='ltr'>canis</span> <span class='ocrx_word' id='word_1_151' title='bbox 266 2478 298 2512; x_wconf 89' lang='lat' dir='ltr'>ex</span> <span class='ocrx_word' id='word_1_152' title='bbox 310 2478 369 2512; x_wconf 87' lang='lat' dir='ltr'>vere</span> <span class='ocrx_word' id='word_1_153' title='bbox 383 2464 487 2512; x_wconf 87' lang='lat' dir='ltr'>ductum</span> <span class='ocrx_word' id='word_1_154' title='bbox 500 2476 645 2526; x_wconf 87' lang='lat' dir='ltr'>cognomen</span> <span class='ocrx_word' id='word_1_155' title='bbox 658 2463 789 2520; x_wconf 83' lang='lat' dir='ltr'>adhaeret,</span> 
     </span>
     <span class='ocr_line' id='line_1_27' title="bbox 128 2551 711 2613; baseline 0 -15"><span class='ocrx_word' id='word_1_156' title='bbox 128 2551 298 2613; x_wconf 86' lang='lat' dir='ltr'>quinquennis</span> <span class='ocrx_word' id='word_1_157' title='bbox 312 2553 383 2601; x_wconf 90' lang='lat' dir='ltr'>oleas</span> <span class='ocrx_word' id='word_1_158' title='bbox 397 2561 435 2601; x_wconf 90' lang='lat' dir='ltr'>est</span> <span class='ocrx_word' id='word_1_159' title='bbox 449 2560 474 2600; x_wconf 92' lang='lat' dir='ltr'>et</span> <span class='ocrx_word' id='word_1_160' title='bbox 487 2552 612 2600; x_wconf 82' lang='lat' dir='ltr'>silvestria</span> <span class='ocrx_word' id='word_1_161' title='bbox 623 2564 711 2609; x_wconf 87' lang='lat' dir='ltr'>corna,</span> 
     </span>
     <span class='ocr_line' id='line_1_28' title="bbox 128 2640 752 2704; baseline 0.003 -18"><span class='ocrx_word' id='word_1_162' title='bbox 128 2654 157 2686; x_wconf 89' lang='lat' dir='ltr'>ac</span> <span class='ocrx_word' id='word_1_163' title='bbox 168 2640 218 2687; x_wconf 89' lang='lat' dir='ltr'>nisi</span> <span class='ocrx_word' id='word_1_164' title='bbox 230 2649 353 2690; x_wconf 85' lang='lat' dir='ltr'>mutatum</span> <span class='ocrx_word' id='word_1_165' title='bbox 367 2642 449 2704; x_wconf 90' lang='lat' dir='ltr'>parcit</span> <span class='ocrx_word' id='word_1_166' title='bbox 463 2640 604 2689; x_wconf 78' lang='lat' dir='ltr'>defundere</span> <span class='ocrx_word' id='word_1_167' title='bbox 616 2641 709 2699; x_wconf 88' lang='lat' dir='ltr'>viuum,</span> <span class='ocrx_word' id='word_1_168' title='bbox 727 2648 752 2688; x_wconf 90' lang='lat' dir='ltr'>et</span> 
     </span>
    </p>
   </div>
   <div class='ocr_carea' id='block_1_3' title="bbox 0 0 964 3117">
    <p class='ocr_par' dir='ltr' id='par_1_3' title="bbox 0 0 964 3117">
     <span class='ocr_line' id='line_1_29' title="bbox 0 0 964 3117; baseline 0 0"><span class='ocrx_word' id='word_1_169' title='bbox 0 0 964 3117; x_wconf 95' lang='lat' dir='ltr'> </span> 
     </span>
    </p>
   </div>
  </div>
 </body>
</html>
