<?xml version="1.0" encoding="UTF-8"?>
<!DOCTYPE html PUBLIC "-//W3C//DTD XHTML 1.0 Transitional//EN"
    "http://www.w3.org/TR/xhtml1/DTD/xhtml1-transitional.dtd">
<html xmlns="http://www.w3.org/1999/xhtml" xml:lang="en" lang="en">
 <head>
  <title>
</title>
<meta http-equiv="Content-Type" content="text/html;charset=utf-8" />
  <meta name='ocr-system' content='tesseract 3.04.00' />
  <meta name='ocr-capabilities' content='ocr_page ocr_carea ocr_par ocr_line ocrx_word'/>
</head>
<body>
  <div class='ocr_page' id='page_1' title='image "./opera00haupgoog_0016.png"; bbox 0 0 1917 3117; ppageno 0'>
   <div class='ocr_carea' id='block_1_1' title="bbox 124 215 574 265">
    <p class='ocr_par' dir='ltr' id='par_1_1' title="bbox 124 215 574 265">
     <span class='ocr_line' id='line_1_1' title="bbox 124 215 574 265; baseline -0.007 -10"><span class='ocrx_word' id='word_1_1' title='bbox 124 216 141 265; x_wconf 74' lang='grc'><strong>4</strong></span> <span class='ocrx_word' id='word_1_2' title='bbox 410 215 574 253; x_wconf 77' lang='lat' dir='ltr'>caammum</span> 
     </span>
    </p>
   </div>
   <div class='ocr_carea' id='block_1_2' title="bbox 79 372 617 704">
    <p class='ocr_par' dir='ltr' id='par_1_2' title="bbox 79 372 617 704">
     <span class='ocr_line' id='line_1_2' title="bbox 128 372 603 424; baseline -0.011 0"><span class='ocrx_word' id='word_1_3' title='bbox 128 376 216 424; x_wconf 82' lang='lat' dir='ltr'>laudat</span> <span class='ocrx_word' id='word_1_4' title='bbox 228 390 287 423; x_wconf 80' lang='lat' dir='ltr'>rura</span> <span class='ocrx_word' id='word_1_5' title='bbox 300 375 354 422; x_wconf 87' lang='lat' dir='ltr'>sui:</span> <span class='ocrx_word' id='word_1_6' title='bbox 376 388 438 421; x_wconf 87' lang='lat' dir='ltr'>mox</span> <span class='ocrx_word' id='word_1_7' title='bbox 450 372 530 421; x_wconf 86' lang='lat' dir='ltr'>reficit</span> <span class='ocrx_word' id='word_1_8' title='bbox 543 374 603 419; x_wconf 84' lang='lat' dir='ltr'>ratis</span> 
     </span>
     <span class='ocr_line' id='line_1_3' title="bbox 128 461 617 527; baseline -0.01 -15"><span class='ocrx_word' id='word_1_9' title='bbox 128 479 246 527; x_wconf 80' lang='lat' dir='ltr'>quassus,</span> <span class='ocrx_word' id='word_1_10' title='bbox 261 463 379 511; x_wconf 82' lang='lat' dir='ltr'>indocilis</span> <span class='ocrx_word' id='word_1_11' title='bbox 393 462 542 526; x_wconf 82' lang='lat' dir='ltr'>pauperiem</span> <span class='ocrx_word' id='word_1_12' title='bbox 555 461 617 524; x_wconf 84' lang='lat' dir='ltr'>pati.</span> 
     </span>
     <span class='ocr_line' id='line_1_4' title="bbox 129 549 610 615; baseline -0.012 -14"><span class='ocrx_word' id='word_1_13' title='bbox 129 553 222 615; x_wconf 86' lang='lat' dir='ltr'>estqui</span> <span class='ocrx_word' id='word_1_14' title='bbox 236 567 283 601; x_wconf 89' lang='lat' dir='ltr'>nec</span> <span class='ocrx_word' id='word_1_15' title='bbox 296 551 386 599; x_wconf 86' lang='lat' dir='ltr'>veteris</span> <span class='ocrx_word' id='word_1_16' title='bbox 399 551 493 614; x_wconf 83' lang='lat' dir='ltr'>pocula</span> <span class='ocrx_word' id='word_1_17' title='bbox 506 549 610 596; x_wconf 83' lang='lat' dir='ltr'>Massici</span> 
     </span>
     <span class='ocr_line' id='line_1_5' title="bbox 79 638 603 704; baseline -0.01 -14"><span class='ocrx_word' id='word_1_18' title='bbox 79 649 110 690; x_wconf 81' lang='lat'>20</span> <span class='ocrx_word' id='word_1_19' title='bbox 130 656 179 689; x_wconf 87' lang='lat' dir='ltr'>nec</span> <span class='ocrx_word' id='word_1_20' title='bbox 192 649 291 704; x_wconf 86' lang='lat' dir='ltr'>partem</span> <span class='ocrx_word' id='word_1_21' title='bbox 304 640 387 687; x_wconf 90' lang='lat' dir='ltr'>solido</span> <span class='ocrx_word' id='word_1_22' title='bbox 401 641 504 687; x_wconf 82' lang='lat' dir='ltr'>demere</span> <span class='ocrx_word' id='word_1_23' title='bbox 517 639 549 686; x_wconf 85' lang='lat' dir='ltr'>de</span> <span class='ocrx_word' id='word_1_24' title='bbox 562 638 603 685; x_wconf 80' lang='lat' dir='ltr'>die</span> 
     </span>
    </p>
   </div>
   <div class='ocr_carea' id='block_1_3' title="bbox 129 779 749 1120">
    <p class='ocr_par' dir='ltr' id='par_1_3' title="bbox 129 779 749 1120">
     <span class='ocr_line' id='line_1_6' title="bbox 129 779 698 845; baseline -0.005 -15"><span class='ocrx_word' id='word_1_25' title='bbox 129 782 237 845; x_wconf 88' lang='lat' dir='ltr'>spernit,</span> <span class='ocrx_word' id='word_1_26' title='bbox 253 795 321 829; x_wconf 90' lang='lat' dir='ltr'>nunc</span> <span class='ocrx_word' id='word_1_27' title='bbox 334 779 406 827; x_wconf 89' lang='lat' dir='ltr'>viridi</span> <span class='ocrx_word' id='word_1_28' title='bbox 419 780 534 827; x_wconf 90' lang='lat' dir='ltr'>membra</span> <span class='ocrx_word' id='word_1_29' title='bbox 547 781 594 828; x_wconf 92' lang='lat' dir='ltr'>sub</span> <span class='ocrx_word' id='word_1_30' title='bbox 607 780 698 828; x_wconf 84' lang='lat' dir='ltr'>arbuto</span> 
     </span>
     <span class='ocr_line' id='line_1_7' title="bbox 130 870 749 932; baseline -0.006 -13"><span class='ocrx_word' id='word_1_31' title='bbox 130 878 235 929; x_wconf 78' lang='lat' dir='ltr'>stratus,</span> <span class='ocrx_word' id='word_1_32' title='bbox 258 884 326 918; x_wconf 90' lang='lat' dir='ltr'>nunc</span> <span class='ocrx_word' id='word_1_33' title='bbox 346 870 378 916; x_wconf 88' lang='lat' dir='ltr'>ad</span> <span class='ocrx_word' id='word_1_34' title='bbox 398 883 480 931; x_wconf 85' lang='lat' dir='ltr'>aquae</span> <span class='ocrx_word' id='word_1_35' title='bbox 494 870 552 917; x_wconf 88' lang='lat' dir='ltr'>leue</span> <span class='ocrx_word' id='word_1_36' title='bbox 565 877 641 932; x_wconf 85' lang='lat' dir='ltr'>caput</span> <span class='ocrx_word' id='word_1_37' title='bbox 653 883 749 916; x_wconf 81' lang='lat' dir='ltr'>sacrae.</span> 
     </span>
     <span class='ocr_line' id='line_1_8' title="bbox 131 959 627 1008; baseline -0.004 0"><span class='ocrx_word' id='word_1_38' title='bbox 131 961 226 1008; x_wconf 90' lang='lat' dir='ltr'>multos</span> <span class='ocrx_word' id='word_1_39' title='bbox 239 967 323 1008; x_wconf 84' lang='lat' dir='ltr'>castra</span> <span class='ocrx_word' id='word_1_40' title='bbox 335 959 423 1006; x_wconf 85' lang='lat' dir='ltr'>iuvant</span> <span class='ocrx_word' id='word_1_41' title='bbox 435 967 460 1006; x_wconf 86' lang='lat' dir='ltr'>et</span> <span class='ocrx_word' id='word_1_42' title='bbox 473 959 537 1006; x_wconf 90' lang='lat' dir='ltr'>lituo</span> <span class='ocrx_word' id='word_1_43' title='bbox 551 960 627 1007; x_wconf 85' lang='lat' dir='ltr'>tubae</span> 
     </span>
     <span class='ocr_line' id='line_1_9' title="bbox 132 1048 651 1120; baseline -0.006 -23"><span class='ocrx_word' id='word_1_44' title='bbox 132 1050 271 1120; x_wconf 81' lang='lat' dir='ltr'>permixtus</span> <span class='ocrx_word' id='word_1_45' title='bbox 285 1049 382 1097; x_wconf 88' lang='lat' dir='ltr'>sonitus</span> <span class='ocrx_word' id='word_1_46' title='bbox 397 1048 517 1111; x_wconf 86' lang='lat' dir='ltr'>bellaque</span> <span class='ocrx_word' id='word_1_47' title='bbox 529 1048 651 1096; x_wconf 89' lang='lat' dir='ltr'>matribus</span> 
     </span>
    </p>
   </div>
   <div class='ocr_carea' id='block_1_4' title="bbox 79 1189 661 1519">
    <p class='ocr_par' dir='ltr' id='par_1_4' title="bbox 79 1189 661 1519">
     <span class='ocr_line' id='line_1_10' title="bbox 79 1189 623 1251; baseline -0.006 -11"><span class='ocrx_word' id='word_1_48' title='bbox 79 1199 109 1240; x_wconf 78' lang='lat'>25</span> <span class='ocrx_word' id='word_1_49' title='bbox 132 1193 267 1240; x_wconf 82' lang='lat' dir='ltr'>detestata.</span> <span class='ocrx_word' id='word_1_50' title='bbox 295 1198 383 1239; x_wconf 80' lang='lat' dir='ltr'>manet</span> <span class='ocrx_word' id='word_1_51' title='bbox 395 1192 443 1238; x_wconf 87' lang='lat' dir='ltr'>sub</span> <span class='ocrx_word' id='word_1_52' title='bbox 455 1190 518 1238; x_wconf 86' lang='lat' dir='ltr'>Iove</span> <span class='ocrx_word' id='word_1_53' title='bbox 530 1189 623 1251; x_wconf 83' lang='lat' dir='ltr'>frigido</span> 
     </span>
     <span class='ocr_line' id='line_1_11' title="bbox 132 1277 630 1340; baseline -0.01 -12"><span class='ocrx_word' id='word_1_54' title='bbox 132 1288 239 1328; x_wconf 82' lang='lat' dir='ltr'>venator</span> <span class='ocrx_word' id='word_1_55' title='bbox 251 1287 354 1327; x_wconf 79' lang='lat' dir='ltr'>tenerae</span> <span class='ocrx_word' id='word_1_56' title='bbox 367 1277 484 1340; x_wconf 82' lang='lat' dir='ltr'>coniugis</span> <span class='ocrx_word' id='word_1_57' title='bbox 497 1277 630 1333; x_wconf 87' lang='lat' dir='ltr'>inmemor,</span> 
     </span>
     <span class='ocr_line' id='line_1_12' title="bbox 130 1365 626 1422; baseline -0.008 -6"><span class='ocrx_word' id='word_1_58' title='bbox 130 1383 176 1416; x_wconf 87' lang='lat' dir='ltr'>seu</span> <span class='ocrx_word' id='word_1_59' title='bbox 189 1369 243 1415; x_wconf 81' lang='lat' dir='ltr'>visa</span> <span class='ocrx_word' id='word_1_60' title='bbox 257 1376 295 1415; x_wconf 85' lang='lat' dir='ltr'>est</span> <span class='ocrx_word' id='word_1_61' title='bbox 307 1367 397 1415; x_wconf 79' lang='lat' dir='ltr'>catulis</span> <span class='ocrx_word' id='word_1_62' title='bbox 411 1381 486 1414; x_wconf 85' lang='lat' dir='ltr'>cerva</span> <span class='ocrx_word' id='word_1_63' title='bbox 499 1365 626 1422; x_wconf 83' lang='lat' dir='ltr'>fidelibus,</span> 
     </span>
     <span class='ocr_line' id='line_1_13' title="bbox 130 1455 661 1519; baseline -0.009 -14"><span class='ocrx_word' id='word_1_64' title='bbox 130 1472 176 1505; x_wconf 89' lang='lat' dir='ltr'>seu</span> <span class='ocrx_word' id='word_1_65' title='bbox 188 1457 256 1519; x_wconf 92' lang='lat' dir='ltr'>rupit</span> <span class='ocrx_word' id='word_1_66' title='bbox 268 1463 360 1503; x_wconf 86' lang='lat' dir='ltr'>teretes</span> <span class='ocrx_word' id='word_1_67' title='bbox 374 1456 474 1502; x_wconf 82' lang='lat' dir='ltr'>Marsus</span> <span class='ocrx_word' id='word_1_68' title='bbox 489 1468 551 1517; x_wconf 81' lang='lat' dir='ltr'>aper</span> <span class='ocrx_word' id='word_1_69' title='bbox 562 1455 661 1516; x_wconf 79' lang='lat' dir='ltr'>plagas.</span> 
     </span>
    </p>
   </div>
   <div class='ocr_carea' id='block_1_5' title="bbox 80 1594 701 1925">
    <p class='ocr_par' dir='ltr' id='par_1_5' title="bbox 80 1594 700 1747">
     <span class='ocr_line' id='line_1_14' title="bbox 131 1594 699 1658; baseline -0.009 -13"><span class='ocrx_word' id='word_1_70' title='bbox 131 1613 172 1645; x_wconf 87' lang='lat' dir='ltr'>mo</span> <span class='ocrx_word' id='word_1_71' title='bbox 185 1598 317 1646; x_wconf 83' lang='lat' dir='ltr'>doctarum</span> <span class='ocrx_word' id='word_1_72' title='bbox 329 1594 439 1643; x_wconf 85' lang='lat' dir='ltr'>hederae</span> <span class='ocrx_word' id='word_1_73' title='bbox 452 1596 567 1658; x_wconf 85' lang='lat' dir='ltr'>praemia</span> <span class='ocrx_word' id='word_1_74' title='bbox 578 1595 699 1643; x_wconf 79' lang='lat' dir='ltr'>frontium</span> 
     </span>
     <span class='ocr_line' id='line_1_15' title="bbox 80 1685 700 1747; baseline -0.01 -11"><span class='ocrx_word' id='word_1_75' title='bbox 80 1696 111 1737; x_wconf 82' lang='lat'>30</span> <span class='ocrx_word' id='word_1_76' title='bbox 131 1686 170 1733; x_wconf 85' lang='lat' dir='ltr'>dis</span> <span class='ocrx_word' id='word_1_77' title='bbox 184 1686 291 1732; x_wconf 83' lang='lat' dir='ltr'>miscent</span> <span class='ocrx_word' id='word_1_78' title='bbox 303 1685 415 1747; x_wconf 79' lang='lat' dir='ltr'>superis,</span> <span class='ocrx_word' id='word_1_79' title='bbox 430 1700 471 1733; x_wconf 89' lang='lat' dir='ltr'>me</span> <span class='ocrx_word' id='word_1_80' title='bbox 484 1685 597 1747; x_wconf 87' lang='lat' dir='ltr'>gelidum</span> <span class='ocrx_word' id='word_1_81' title='bbox 611 1699 700 1730; x_wconf 84' lang='lat' dir='ltr'>nemus</span> 
     </span>
    </p>

    <p class='ocr_par' dir='ltr' id='par_1_6' title="bbox 131 1773 701 1836">
     <span class='ocr_line' id='line_1_16' title="bbox 131 1773 701 1836; baseline -0.005 -13"><span class='ocrx_word' id='word_1_82' title='bbox 131 1774 350 1836; x_wconf 73' lang='lat' dir='ltr'>uympharumque</span> <span class='ocrx_word' id='word_1_83' title='bbox 367 1773 436 1821; x_wconf 85' lang='lat' dir='ltr'>leves</span> <span class='ocrx_word' id='word_1_84' title='bbox 455 1789 513 1821; x_wconf 89' lang='lat' dir='ltr'>cum</span> <span class='ocrx_word' id='word_1_85' title='bbox 526 1773 616 1834; x_wconf 88' lang='lat' dir='ltr'>satyris</span> <span class='ocrx_word' id='word_1_86' title='bbox 629 1773 701 1821; x_wconf 89' lang='lat' dir='ltr'>chori</span> 
     </span>
    </p>

    <p class='ocr_par' dir='ltr' id='par_1_7' title="bbox 133 1861 612 1925">
     <span class='ocr_line' id='line_1_17' title="bbox 133 1861 612 1925; baseline -0.004 -14"><span class='ocrx_word' id='word_1_87' title='bbox 133 1870 269 1911; x_wconf 87' lang='lat' dir='ltr'>secernunt</span> <span class='ocrx_word' id='word_1_88' title='bbox 281 1863 388 1925; x_wconf 90' lang='lat' dir='ltr'>populo,</span> <span class='ocrx_word' id='word_1_89' title='bbox 404 1861 425 1909; x_wconf 89' lang='lat' dir='ltr'>si</span> <span class='ocrx_word' id='word_1_90' title='bbox 438 1877 523 1925; x_wconf 84' lang='lat' dir='ltr'>nequo</span> <span class='ocrx_word' id='word_1_91' title='bbox 536 1863 612 1910; x_wconf 85' lang='lat' dir='ltr'>tibias</span> 
     </span>
    </p>
   </div>
   <div class='ocr_carea' id='block_1_6' title="bbox 132 2004 689 2154">
    <p class='ocr_par' dir='ltr' id='par_1_8' title="bbox 132 2004 689 2154">
     <span class='ocr_line' id='line_1_18' title="bbox 132 2004 689 2076; baseline 0 -24"><span class='ocrx_word' id='word_1_92' title='bbox 132 2004 243 2067; x_wconf 84' lang='lat' dir='ltr'>Euterpe</span> <span class='ocrx_word' id='word_1_93' title='bbox 256 2004 358 2052; x_wconf 83' lang='lat' dir='ltr'>cohibet</span> <span class='ocrx_word' id='word_1_94' title='bbox 372 2019 419 2053; x_wconf 84' lang='lat' dir='ltr'>nec</span> <span class='ocrx_word' id='word_1_95' title='bbox 432 2006 601 2067; x_wconf 84' lang='lat' dir='ltr'>Polyhymnia</span> <span class='ocrx_word' id='word_1_96' title='bbox 684 2069 689 2076; x_wconf 34' lang='grc'>’</span> 
     </span>
     <span class='ocr_line' id='line_1_19' title="bbox 132 2093 627 2154; baseline -0.002 -13"><span class='ocrx_word' id='word_1_97' title='bbox 132 2093 262 2142; x_wconf 89' lang='lat' dir='ltr'>Lesboum</span> <span class='ocrx_word' id='word_1_98' title='bbox 275 2093 368 2154; x_wconf 84' lang='lat' dir='ltr'>refugit</span> <span class='ocrx_word' id='word_1_99' title='bbox 380 2094 487 2142; x_wconf 88' lang='lat' dir='ltr'>tendere</span> <span class='ocrx_word' id='word_1_100' title='bbox 500 2094 627 2142; x_wconf 85' lang='lat' dir='ltr'>barbiton.</span> 
     </span>
    </p>
   </div>
   <div class='ocr_carea' id='block_1_7' title="bbox 82 2182 609 2319">
    <p class='ocr_par' dir='ltr' id='par_1_9' title="bbox 82 2182 609 2319">
     <span class='ocr_line' id='line_1_20' title="bbox 82 2182 609 2245; baseline -0.002 -14"><span class='ocrx_word' id='word_1_101' title='bbox 82 2191 111 2231; x_wconf 81' lang='lat'>35</span> <span class='ocrx_word' id='word_1_102' title='bbox 133 2182 226 2245; x_wconf 88' lang='lat' dir='ltr'>quodsi</span> <span class='ocrx_word' id='word_1_103' title='bbox 239 2196 280 2229; x_wconf 87' lang='lat' dir='ltr'>mc</span> <span class='ocrx_word' id='word_1_104' title='bbox 293 2182 377 2242; x_wconf 69' lang='lat' dir='ltr'>lyricis</span> <span class='ocrx_word' id='word_1_105' title='bbox 391 2182 491 2230; x_wconf 85' lang='lat' dir='ltr'>vatibus</span> <span class='ocrx_word' id='word_1_106' title='bbox 503 2183 609 2240; x_wconf 79' lang='lat' dir='ltr'>inseres,</span> 
     </span>
     <span class='ocr_line' id='line_1_21' title="bbox 133 2255 590 2319; baseline 0.002 -1"><span class='ocrx_word' id='word_1_107' title='bbox 133 2271 235 2319; x_wconf 84' lang='lat' dir='ltr'>sublimi</span> <span class='ocrx_word' id='word_1_108' title='bbox 247 2270 337 2317; x_wconf 82' lang='lat' dir='ltr'>feriam</span> <span class='ocrx_word' id='word_1_109' title='bbox 351 2271 437 2319; x_wconf 84' lang='lat' dir='ltr'>sidera</span> <span class='ocrx_word' id='word_1_110' title='bbox 450 2272 550 2319; x_wconf 86' lang='lat' dir='ltr'>vertice.</span> <span class='ocrx_word' id='word_1_111' title='bbox 586 2255 590 2258; x_wconf 15' lang='grc' dir='ltr'><strong>Α</strong></span> 
     </span>
    </p>
   </div>
   <div class='ocr_carea' id='block_1_8' title="bbox 0 0 966 3117">
    <p class='ocr_par' dir='ltr' id='par_1_10' title="bbox 0 0 966 3117">
     <span class='ocr_line' id='line_1_22' title="bbox 0 0 966 3117; baseline 0 0"><span class='ocrx_word' id='word_1_112' title='bbox 0 0 966 3117; x_wconf 95' lang='lat' dir='ltr'> </span> 
     </span>
    </p>
   </div>
  </div>
 </body>
</html>
