1917 3117
124 185 179 236 284
381 188 593 227 nrrsruunruu

122 347 161 394 ire
173 345 244 394 foras
257 346 335 409 pleno
347 346 472 394 tendebat
486 359 596 408 corpore
608 344 711 392 frustra.

124 435 164 481 cui
177 435 286 483 mustela
298 434 388 498 procul
399 434 430 481 ‘si
443 434 488 481 vis’
500 433 536 481 ait
546 433 668 495 ‘effugere
680 433 766 493 istinc,

42 534 97 555 -1
124 537 210 571 macra
222 537 312 571 cavum
323 529 423 585 repetes
436 529 529 580 artum,
544 536 622 584 quem
633 537 721 570 macra
732 523 850 570 subisti?

123 613 172 659 hac
184 626 233 674 ego
246 612 267 659 si
280 612 416 673 conpellor
427 610 550 673 imagine,
564 618 657 659 cuncta
669 611 789 673 resign03

77 709 108 749 35
124 714 171 748 nee
184 715 303 748 somnum
315 699 398 762 plebis
410 699 493 747 laudo
503 707 574 747 satur
587 699 704 758 altilium,
719 713 768 747 nec

124 789 177 837 otia
190 789 280 836 divitiis
293 788 408 836 Arabum
421 786 553 835 liberrima
563 794 644 834 muto.

123 891 200 940 saepe
213 877 385 926 verecundum
398 876 516 933 laudasti,
532 889 629 938 rexque
642 882 765 939 paterque

123 965 215 1013 audisti
229 980 325 1024 coram,
341 979 388 1013 nec
400 965 479 1012 verbo
492 964 593 1028 parcius
608 966 716 1012 absens:

122 1053 220 1116 inspice
233 1054 255 1101 si
267 1068 373 1116 possum
386 1054 483 1100 donata
495 1068 619 1115 reponere
632 1053 723 1102 laetus.

76 1150 107 1190 4ο
123 1142 191 1189 haud
203 1142 270 1190 male
282 1142 461 1202 Telemachus,
476 1144 563 1205 proles
576 1143 695 1205 patientis
707 1141 787 1202 Ulixi,

122 1232 185 1278 ‘nou
199 1238 238 1280 est
250 1238 325 1294 aptus
338 1230 409 1293 equis
422 1231 510 1280 Ithace
523 1232 604 1291 locus,
620 1239 648 1279 ut
660 1246 744 1294 neque
757 1232 846 1295 planis

123 1327 256 1381 porrectus
269 1319 357 1383 spatiis
369 1334 418 1367 nec
430 1321 525 1369 multae
538 1321 661 1383 prodigus
674 1320 781 1369 herbae:

122 1408 220 1468 Atride,
235 1409 317 1471 magis
330 1415 391 1471 apta
402 1408 447 1456 tibi
459 1417 504 1456 tua
516 1409 586 1456 dona
597 1409 762 1471 relinquam.²

122 1511 228 1560 parvum
240 1511 320 1558 parva
332 1498 437 1545 decent:
459 1497 521 1545 mihi
533 1497 585 1544 iam
598 1511 650 1545 non
664 1497 736 1559 regia
747 1497 842 1558 Roma,

76 1592 108 1634 45
123 1584 167 1633 sed
181 1599 287 1633 vacuum
300 1585 381 1634 Tibur
392 1585 477 1648 placet
490 1593 533 1633 aut
545 1586 642 1634 inbelle
654 1586 805 1634 Tarentum.

123 1681 241 1722 strenuus
254 1683 280 1722 et
291 1673 364 1722 fortis
377 1674 513 1736 causisque
525 1675 660 1737 Philippus
673 1674 779 1736 agendis

123 1763 217 1823 clarus,
233 1763 265 1810 ab
279 1761 370 1810 officiis
384 1770 501 1811 octavam
513 1763 613 1811 circiter
629 1764 719 1811 horam

123 1851 182 1898 dum
195 1851 260 1900 redit
272 1860 349 1914 atque
361 1851 418 1899 foro
431 1851 538 1898 nimium
552 1851 646 1899 distare
659 1850 767 1899 Carinas

122 1939 173 1987 iam
185 1940 290 2002 grandis
302 1949 365 1988 natu
379 1941 500 2001 queritur,
516 1940 661 2002 conspexit,
676 1948 704 1988 ut
716 1940 798 1997 aiunt,

77 2036 107 2078 50
122 2029 242 2076 adrasum
254 2028 384 2091 quendam
396 2042 476 2076 vacua
488 2029 600 2075 tonsoris
613 2029 639 2075 in
652 2029 743 2076 umbra

122 2117 228 2165 cultello
241 2117 360 2179 proprios
374 2124 527 2178 purgantem
539 2117 631 2165 leniter
643 2116 746 2177 unguis.

112 2203 254 2254 ¹‘Demetri’
267 2205 343 2268 (puer
356 2204 397 2252 hic
411 2219 464 2253 nou
477 2205 549 2255 laeve
561 2206 630 2253 iussa
642 2205 756 2269 Philippi

122 2294 286 2357 accipiebat),
300 2294 360 2353 ‘ebi,
375 2307 470 2355 quaere
483 2302 508 2342 et
519 2292 595 2353 refer,
604 2295 673 2342 unde
687 2295 773 2351 domo,
784 2293 855 2356 quis,

122 2383 193 2430 cuius
206 2382 334 2442 fortunae,
351 2397 401 2445 quo
415 2382 448 2429 sit
460 2390 533 2445 patre
547 2397 629 2445 quove
642 2383 773 2446 patrono.²

76 2478 107 2519 155
121 2471 149 2528 it,
166 2471 232 2519 redit
244 2478 270 2519 et
282 2477 377 2529 narret,
392 2469 524 2519 Volteium
536 2472 642 2520 nomine
654 2471 769 2529 Menam,

122 2573 286 2621 praeconem,
301 2559 372 2607 tenui
384 2573 472 2618 censu,
488 2559 545 2607 siue
557 2559 663 2607 crimine
675 2567 765 2607 notum

122 2654 147 2693 et
159 2660 298 2709 properare
310 2648 369 2695 loco
383 2654 409 2694 et
421 2661 522 2695 cessare
536 2654 561 2713 et
574 2661 697 2709 quaerere
710 2655 736 2695 et
746 2648 793 2706 uti,
