1917 3117
127 213 145 262 4
413 214 577 252 GARMINUM

132 374 219 422 laudat
231 388 291 421 rura
303 373 357 420 sui:
379 387 441 419 mox
452 371 533 419 reficit
546 372 606 419 ratis

131 477 248 525 quassas,
263 461 382 509 indocilis
396 460 545 523 pauperiem
558 460 620 523 pati.

132 559 170 599 est
182 551 226 613 qui
238 564 286 599 nec
299 549 389 598 veteris
402 550 496 613 pocula
508 548 612 596 Massici

82 647 112 687 20
133 654 181 687 nec
195 647 293 702 partem
306 639 390 686 solido
404 640 506 686 demere
520 639 552 686 de
565 638 606 685 die

132 780 239 843 spernit,
256 793 323 827 nunc
336 779 409 825 viridi
422 779 536 827 membra
550 782 596 828 sub
610 782 700 828 arbuto

132 876 238 926 stratus,
260 883 329 917 nunc
348 869 380 915 ad
400 882 483 930 aquae
496 869 554 916 lene
567 876 644 931 caput
656 883 752 916 sacrae.

133 958 228 1005 multos
242 965 326 1005 castra
337 957 425 1004 iuvant
438 965 462 1005 et
474 957 539 1005 lituo
553 959 630 1006 tubae

134 1047 273 1117 permixtus
287 1046 384 1094 sonitus
400 1046 519 1109 bellaque
531 1047 653 1095 matribus

1 1224 2 1227 η
81 1195 111 1236 25
134 1189 269 1236 detestata.
297 1195 384 1235 manet
397 1189 444 1236 sub
457 1188 520 1236 Iove
532 1188 626 1250 frigido

1 1260 2 1267 ἵ
134 1284 241 1324 venator
252 1284 356 1325 tenerae
369 1277 486 1339 coniugis
499 1277 633 1335 inmemor,

132 1380 178 1414 seu
191 1366 245 1412 visa
259 1374 297 1413 est
309 1366 399 1414 catulis
413 1380 489 1413 ccrva
501 1366 628 1424 fidelibus,

131 1469 178 1502 seu
190 1455 258 1517 rupit
270 1462 362 1503 teretes
376 1456 476 1502 Marsus
491 1470 553 1518 aper
564 1456 663 1517 plagas.

132 1610 174 1643 me
187 1596 319 1644 doctarum
331 1596 441 1644 hederae
454 1597 568 1659 praemia
579 1596 701 1644 frontium

81 1693 112 1735 30
132 1684 172 1730 dis
185 1685 293 1732 miscent
305 1686 417 1748 superis,
432 1701 473 1733 me
486 1685 599 1747 gelidum
613 1699 701 1732 nemus

132 1774 352 1835 nympharumque
369 1773 438 1821 levas
457 1789 514 1821 cum
528 1773 617 1834 satyris
631 1773 702 1821 chori

134 1871 271 1910 secernunt
283 1863 389 1925 populo,
405 1862 426 1909 si
440 1877 524 1925 neque
537 1863 613 1911 tibias

133 2003 244 2067 Euterpe
258 2004 359 2052 cohibet
373 2019 421 2052 nec
433 2005 602 2066 Polyhymnia
685 2069 690 2077 '

133 2092 263 2141 Lesboum
276 2092 369 2153 refugit
381 2093 488 2141 tendere
501 2095 628 2143 barbiton.

82 2189 112 2229 35
134 2182 227 2244 quodsi
240 2195 281 2228 mc
294 2180 378 2242 lyricis
392 2181 492 2229 vatibus
505 2183 610 2240 insenos,
737 2207 741 2228 l
755 2199 762 2228 r

134 2269 337 2318 sublimitatium
351 2269 437 2318 sidera
451 2272 552 2319 veitice.
587 2255 594 2260 „
