1917 3117
395 173 486 226 aman
498 172 530 209 11.

33 340 86 381 lot
101 345 150 380 nec
163 331 246 379 studio
260 330 372 378 citharae
384 344 432 378 nec
443 344 532 377 musae
544 329 644 377 deditus
657 328 712 386 ulli,

104 420 126 468 si
139 420 242 482 scalpra
255 427 280 466 et
292 417 387 466 formas
401 432 453 465 non
467 426 547 477 sutor,
564 417 666 464 nautica
678 419 734 467 vela

102 522 205 558 aversus
218 508 374 566 mercaturis,
391 506 487 555 delirus
500 515 526 555 et
538 520 626 553 amens

102 597 216 659 undique
230 596 328 643 dicatur
341 595 441 643 merito.
469 596 513 657 qui
527 595 655 658 discrepat
667 594 732 652 istis,

104 686 147 748 qui
160 698 279 732 nummos
292 698 432 746 aurumque
445 683 569 733 recondit.
585 683 685 733 nescius
698 683 734 731 uti

35 783 88 823 110
104 773 245 836 conpositis
258 782 425 834 metuensque
438 773 507 821 velut
520 773 671 834 contingere
684 771 802 820 sacrum?

104 862 184 924 siquis
197 862 229 909 ad
242 862 372 923 ingentem
384 859 505 908 frumenti
517 875 618 923 semper
636 875 753 909 acervum

105 959 239 1013 porrectus
252 949 340 1011 vigilet
352 963 410 996 cum
424 949 504 1011 longo
517 948 591 1006 fuste,
608 963 692 1011 neque
705 949 777 997 illinc

34 1052 36 1055 ⁴
104 1038 198 1086 audeat
212 1037 326 1086 esuriens
340 1037 458 1084 dominus
472 1036 621 1098 contingere
634 1052 751 1099 granum,

105 1141 135 1174 ac
148 1127 233 1190 potins
245 1126 314 1173 soliis
327 1139 419 1188 parcus
432 1132 549 1174 vescatur
561 1127 669 1185 amaris;

39 1223 92 1264 115
107 1217 129 1263 si
141 1214 232 1278 positis
245 1215 312 1263 intus
326 1212 383 1262 Chii
396 1213 538 1275 veterisque
550 1213 653 1262 Falerni

106 1304 177 1351 mille
190 1303 268 1362 cadis,
284 1302 347 1350 nihil
359 1310 406 1360 est,
421 1309 564 1351 tercentum
581 1302 692 1362 milibus,
707 1317 766 1351 acre

107 1399 179 1455 potet
191 1399 303 1451 acetum3
325 1405 381 1454 age,
399 1391 420 1438 si
434 1398 459 1439 et
472 1391 618 1440 stramentis
630 1392 733 1440 incubet
744 1392 814 1440 unde

107 1480 239 1543 octoginta
251 1496 334 1529 annos
348 1488 432 1539 natus,
447 1481 488 1529 cui
501 1480 616 1541 stragula
628 1479 712 1537 vestis,

106 1569 244 1617 blattarum
256 1584 285 1617 ac
298 1569 423 1617 tinearum
436 1569 535 1632 epulae,
551 1576 680 1631 putrescat
691 1568 718 1615 in
730 1581 805 1617 arca:

39 1665 91 1707 12⁰
107 1656 226 1703 nimirum
238 1656 344 1703 insanus
357 1656 443 1718 paucis
456 1657 578 1715 videatur,
594 1671 625 1705 eo
639 1656 707 1719 qnod

107 1744 219 1794 maxima
231 1759 290 1806 pars
302 1745 435 1793 hominum
448 1746 537 1793 morbo
555 1744 664 1793 iactatur
675 1746 774 1794 eodem.

108 1833 174 1882 filius
188 1839 231 1880 aut
243 1833 319 1881 etiam
331 1833 395 1881 haec
408 1833 513 1881 libertus
526 1841 553 1881 ut
566 1833 652 1881 ebibat
663 1834 745 1892 heres,

108 1921 146 1968 dis
159 1920 261 1970 inimioe
274 1934 363 1978 senex,
379 1921 508 1968 custodis?
527 1936 560 1969 ne
573 1920 618 1970 tibi
632 1921 712 1969 desit?

108 2009 260 2072 quantulum
273 2010 342 2057 enim
354 2023 468 2056 summae
482 2010 589 2058 curtabit
602 2010 709 2071 quisque
722 2010 828 2068 dierum,

41 2108 92 2149 125
107 2112 223 2160 unguere
236 2099 257 2146 si
269 2099 349 2146 caulis
363 2098 421 2146 oleo
435 2096 541 2146 meliore
553 2106 679 2160 caputque

108 2187 223 2250 coeperis
235 2188 331 2250 inpexa
343 2186 447 2235 foedum
460 2185 608 2249 porrigine?
629 2200 716 2247 qnare,

108 2276 129 2323 si
142 2276 239 2338 quidvis
254 2275 314 2324 satis
328 2283 374 2334 est,
390 2275 513 2337 periuras,
523 2274 636 2337 surripis,
652 2274 736 2323 aufers

108 2363 238 2426 undique?
256 2373 302 2414 tun
315 2364 410 2412 sanus?
431 2365 555 2427 populum
567 2364 589 2411 si
602 2364 708 2412 caedere
721 2363 790 2413 saxis

107 2452 215 2515 incipias
229 2467 347 2502 servosve
360 2461 403 2501 tuo
417 2467 483 2516 quos
496 2466 554 2500 aere
573 2452 680 2514 pararis,

45 2550 93 2593 130
108 2541 227 2589 insanum
239 2551 264 2589 te
278 2555 367 2589 omnes
381 2541 451 2603 pueri
467 2541 628 2603 clamentque
640 2541 756 2604 puellae:

110 2644 166 2677 cum
178 2630 270 2692 laqueo
279 2621 390 2678 'uxorem
403 2630 527 2678 interimis
540 2638 696 2692 matremque
709 2644 818 2689 veneno,
