1917 3117
133 180 186 254 3234
394 182 606 220 nersroaaauu

88 349 119 389 to
134 347 235 403 praeter
247 347 333 388 cetera
344 353 386 386 me
398 338 530 386 Romaene
543 346 663 399 poemata
676 351 766 386 censes

133 430 243 477 scribere
257 443 333 491 posse
345 428 413 476 inter
424 436 463 475 tot
475 441 549 474 curas
562 434 651 488 totque
663 426 784 475 labores?

134 519 176 566 hic
189 532 313 580 sponsum
326 524 408 575 vocat,
423 516 465 562 hic
477 515 591 562 auditum
603 515 709 577 scripta,
725 515 821 563 relictis

135 608 253 655 omnibus
267 605 358 653 officiis
367 605 466 652 :cubat
478 604 519 651 hic
531 603 558 650 in
572 604 640 651 colle
653 601 762 662 Quirini,

135 695 175 742 hic
189 702 303 742 extremo
317 693 344 740 in
356 693 494 751 Aventino,
510 692 630 739 visendus
643 700 762 754 uterque:

88 791 99 830 t
106 791 118 831 ο
133 783 269 831 intervalla
281 782 350 829 vidos
363 782 474 829 humane
486 782 632 828 commoda.
659 795 745 827 verum

133 886 213 935 purae
227 878 286 918 sunt
299 870 409 932 plateae,
424 869 489 916 nihil
501 876 529 916 ut
540 868 720 917 meditantibus
734 870 830 917 obstet.

134 960 240 1008 festinat
252 959 350 1007 calidus
363 958 438 1005 mulis
451 957 600 1019 gerulisque
612 957 768 1019 redemptor,

134 1056 236 1111 torquet
244 1062 313 1095 nunc
323 1047 435 1109 lapidem
444 1059 514 1093 nunc
523 1046 616 1107 ingens
624 1045 744 1093 machina
749 1045 863 1108 tignum,

134 1136 217 1183 tristia
228 1135 340 1184 robustis
353 1137 483 1183 luctantur
495 1134 586 1181 funere
598 1134 727 1197 plaustris,

89 1233 119 1273 75
136 1225 184 1272 hac
198 1224 301 1272 rabiosa
313 1223 378 1285 fugit
390 1222 469 1281 canis,
486 1222 534 1270 hae
547 1222 674 1270 lutulenta
686 1222 735 1270 ruit
747 1237 808 1269 sus:

134 1314 143 1361 i
156 1327 224 1361 nunc
238 1321 263 1361 et
275 1326 361 1360 versus
374 1319 459 1359 tecum
471 1311 594 1359 meditare
607 1324 727 1359 canoros.

135 1402 287 1464 scriptorum
297 1401 388 1448 chorus
400 1399 484 1447 omnis
493 1408 562 1446 amat
570 1413 661 1447 nemus
675 1399 862 1461 etfugiturbis‚

133 1491 181 1538 rite
195 1490 274 1538 cliens
287 1488 383 1536 Bacchi
396 1502 487 1535 somno
500 1488 636 1550 gaudentis
650 1497 675 1537 et
686 1489 792 1536 umbra:

134 1585 162 1626 tu
173 1592 215 1625 me
227 1578 294 1626 inter
306 1577 425 1639 strepitus
438 1584 579 1624 nocturnos
592 1584 669 1639 atque
683 1577 788 1624 diurnos

88 1673 119 1714 80
134 1667 170 1714 vis
185 1679 277 1714 canere
290 1673 315 1714 et
328 1672 460 1714 contracta
472 1665 546 1727 sequi
562 1665 669 1727 vestigia
681 1665 783 1713 vatum?

133 1754 273 1817 ingenium,
290 1754 338 1801 sibi
350 1755 420 1816 quod
433 1768 527 1800 vacuas
540 1754 681 1817 desumpsit
691 1753 807 1801 Athenas

135 1850 160 1891 et
172 1842 261 1890 studiis
274 1850 467 1905 annosseptem
480 1841 550 1890 dedit
561 1842 725 1904 insenuitque

133 1932 205 1980 libris
218 1938 244 1979 et
257 1931 332 1989 curis,
349 1938 432 1978 statua
444 1929 593 1978 taciturnius
607 1931 660 1979 exit

133 2022 284 2083 plerumque
298 2025 323 2067 et
334 2019 386 2066 risu
399 2019 522 2080 populum
536 2018 631 2081 quatit:
649 2018 689 2066 hie
702 2033 751 2080 ego
765 2034 854 2068 rerum

87 2116 118 2157 85
133 2108 251 2156 fluctibus
263 2108 291 2155 in
303 2107 393 2155 mediis
408 2115 433 2155 et
444 2107 638 2169 tempestatibus
651 2107 722 2155 urbis

133 2197 210 2244 verba
223 2196 293 2256 lyrae
306 2202 407 2243 motura
420 2209 513 2243 sonum
526 2203 660 2243 conectere
673 2195 782 2257 digner?

132 2284 210 2332 frater
224 2289 278 2331 erat
289 2282 388 2331 Romae
400 2283 513 2331 consulti
524 2282 620 2340 rhetor,
635 2292 664 2331 ut
675 2283 741 2331 alter

133 2372 238 2419 alterius
251 2385 370 2419 sermone
381 2385 466 2419 meros
480 2372 580 2420 audiret
591 2373 713 2431 honores,

134 2458 265 2506 Gracchus
277 2467 306 2506 ut
318 2459 359 2506 hic
370 2460 418 2518 illi,
434 2459 502 2507 foret
513 2459 572 2508 huic
584 2468 612 2508 ut
624 2460 724 2508 Mucius
737 2461 791 2509 ille.

86 2551 117 2592 90
132 2546 175 2606 qui
188 2545 272 2592 minus
285 2543 388 2607 argutos
401 2555 477 2595 vexat
489 2548 560 2595 furor
571 2549 619 2597 iste
632 2549 739 2612 poetas?

132 2632 245 2679 carmina
258 2647 388 2695 conpone,
404 2634 446 2682 hic
459 2635 558 2698 elegos.
586 2637 703 2685 mirabile
715 2637 771 2684 visu
