1917 3117
134 202 186 253 190
408 205 583 245 snrrnnnnu

133 362 155 411 si
168 362 208 410 cui
220 362 288 410 filius
303 370 350 421 est,
365 370 394 410 ut
405 362 534 411 ebortivus
547 362 594 411 fnit
606 362 668 410 olim

133 449 258 512 Sisyphus
266 468 277 516 ;v
293 451 362 499 hunc
374 464 462 498 varum
476 450 588 499 distortis
601 451 725 510 cruribus,
744 452 817 500 illum

133 538 242 587 balbutit
255 552 382 597 scaurum,
398 538 483 600 proris
495 539 588 586 fultum
600 539 668 586 mele
680 539 748 587 talis.

134 628 235 689 porcius
247 626 288 674 hic
301 626 374 674 vivit:
395 626 462 688 frugi
474 627 582 675 dicetur.
608 627 711 690 ineptus

88 723 118 764 60
134 724 160 764 ot
171 715 306 763 iactantior
317 714 359 762 hic
371 703 459 777 paullo
473 724 526 763 est:
548 716 690 764 concinnus
704 716 792 763 amicis

133 804 247 867 postulat
258 811 286 852 nt
298 803 420 851 videntur.
448 810 474 851 ct
487 812 526 852 eet
538 805 705 852 truculentior
717 812 794 866 etque

133 893 191 955 plus
204 906 287 955 aequo
300 891 378 939 liber:
398 892 508 955 simplex
520 892 645 954 fortisque
656 892 789 940 habeatur.

133 979 232 1027 caldior
244 987 297 1029 est:
321 980 387 1029 ocris
399 981 467 1029 inter
478 989 635 1029 numeretur.
662 981 764 1043 opinor,

74 1073 77 1076 “
133 1068 198 1117 hoec
211 1082 251 1117 res
265 1077 290 1117 et
302 1070 392 1133 iungit,
407 1070 508 1118 iunctos
521 1077 546 1117 et
557 1077 642 1119 servat
654 1069 759 1117 amicos.

88 1165 120 1205 65
134 1165 221 1205 atnoe
234 1157 337 1206 virtutes
349 1158 418 1221 ipses
431 1158 580 1206 invertimus
593 1166 669 1220 etque

134 1246 262 1293 sincerum
274 1246 388 1308 cupimus
401 1260 444 1293 res
456 1245 606 1294 lncrnstere.
633 1247 729 1308 probus
742 1245 799 1309 quis

133 1334 268 1382 nobiscum
280 1334 346 1392 vivit,
362 1334 469 1382 multum
482 1334 606 1382 demissus
619 1334 696 1383 homo
708 1334 768 1383 ille:

134 1423 207 1470 tardo
221 1429 246 1470 et
258 1436 404 1484 cognomen
416 1421 507 1484 pingui
520 1423 618 1470 dumus.
645 1423 687 1471 hic
699 1423 765 1486 fugit
776 1425 861 1474 omnis

133 1510 240 1558 insidias
252 1510 369 1572 nullique
380 1510 450 1557 molo
463 1511 531 1559 letus
545 1512 618 1559 obdit
629 1520 755 1574 apertum,

89 1605 119 1647 60
134 1612 192 1645 cum
205 1612 285 1660 genus
298 1598 347 1646 hoc
359 1599 427 1647 inter
440 1600 506 1649 vitae
519 1614 656 1659 versemur,
671 1600 715 1648 ubi
728 1601 793 1649 acris

134 1686 230 1735 invidia
243 1694 320 1749 etque
333 1688 418 1749 vigent
430 1689 474 1736 ubi
487 1688 608 1736 crimino:
629 1703 676 1752 pro
690 1690 756 1737 bene
769 1704 834 1737 seno

136 1790 166 1823 sc
177 1790 232 1824 non
243 1777 347 1824 incauto
361 1776 447 1824 fictum
459 1784 621 1840 astutumque
632 1792 762 1826 vocemus.

136 1865 277 1926 simplicior
290 1864 346 1927 quie
360 1874 385 1913 et
398 1873 437 1913 est
449 1865 553 1927 qualern
565 1880 606 1914 me
619 1880 696 1929 saepe
708 1867 818 1915 libenter

136 1953 272 2002 obtulerim
283 1953 337 2012 tibi,
351 1953 498 2012 Maecenas,
512 1960 541 2001 nt
552 1953 619 2002 forte
635 1955 765 2017 legentem

90 2049 120 2090 65
135 2049 179 2089 aut
192 2043 297 2098 tacitum
308 2041 417 2104 inpellat
430 2042 520 2103 quovis
533 2057 666 2091 sermone:
681 2044 815 2103 molestus,

42 2143 48 2154 ·
135 2130 264 2179 communi
277 2144 355 2177 sensu
367 2130 444 2192 plene
460 2137 537 2188 caret,
552 2130 690 2193 inquimus.
717 2132 782 2180 eheu

135 2233 212 2281 quom
225 2227 321 2267 temere
332 2217 360 2266 in
372 2225 474 2265 nosmet
486 2218 570 2280 legem
583 2219 711 2267 sancimus
723 2219 854 2283 iniquum!

134 2321 195 2355 nem
207 2306 273 2354 vitiis
287 2320 362 2354 nemo
375 2306 430 2354 sine
443 2307 571 2354 nascitur:
593 2308 702 2370 optimus
714 2308 791 2367 illest,

135 2396 179 2457 qui
191 2395 300 2443 minimis
314 2402 444 2457 urguetur.
466 2394 562 2443 amicus
575 2396 664 2455 dulcis,
680 2405 708 2444 ut
720 2407 866 2459 aequumst,

90 2490 119 2530 το
135 2496 192 2530 cum
204 2496 262 2531 men
274 2492 416 2545 conpenset
427 2483 494 2531 vitiis
508 2485 584 2542 bone,
600 2485 715 2547 pluribus
727 2486 806 2536 hisce.

134 2570 246 2617 simodo
259 2571 335 2633 plura
346 2571 407 2619 mibi
420 2571 490 2619 bone
502 2579 570 2630 sunt,
585 2572 699 2633 inclinet,
715 2574 795 2622 umuli

134 2657 156 2704 si
169 2657 252 2706 volet:
267 2658 315 2706 hoc
329 2659 387 2721 lege
397 2659 425 2708 in
438 2660 533 2708 trutino
545 2669 655 2723 ponetur
668 2663 768 2712 eadem.
