1917 3117
422 255 512 293 LIBER
530 255 550 292 1.

115 820 240 871 Scriberis
253 822 333 871 Vario
346 822 418 870 fenis
432 830 456 871 et
469 823 580 870 hostium

115 912 204 972 vietor,
219 912 332 960 Maeonii
345 912 462 959 carminis
475 912 543 968 alite,

115 1016 168 1063 que
180 1015 234 1049 rem
246 1015 356 1064 cumque
369 1000 443 1048 ferox
455 1000 562 1048 navibus
575 1007 618 1047 aut
631 999 702 1061 equis

116 1091 189 1138 miles
203 1097 228 1138 te
242 1089 305 1138 duce
319 1091 433 1153 gesserit.

82 1243 95 1280 5
115 1246 174 1291 nos,
189 1233 315 1295 Agrippa,
331 1245 414 1294 neqnc
427 1231 490 1279 haec
504 1231 596 1288 dicere,
611 1244 659 1278 nec
672 1243 774 1292 gravem

116 1321 219 1370 Pelidae
232 1321 390 1369 stomachum
403 1321 494 1368 cedere
506 1320 593 1378 nescii,

117 1423 164 1459 nec
177 1424 265 1457 cursus
279 1409 386 1472 duplicis
400 1423 446 1471 per
457 1423 528 1457 marc
541 1408 633 1462 Ulixei,

117 1513 165 1547 nec
177 1513 280 1548 saevam
293 1499 396 1561 Pelopis
410 1497 514 1546 domurn

110 1614 249 1700 conamur,
265 1649 354 1689 tenues
367 1640 484 1702 grandia,
500 1641 560 1687 dum
572 1641 655 1703 pudor

66 1739 96 1779 10
116 1730 269 1792 inbellisque
283 1731 352 1791 lyrae
370 1743 444 1776 muse
456 1737 547 1791 potens
560 1737 626 1778 vetet

117 1819 206 1867 landes
219 1819 314 1883 egregii
327 1818 444 1867 Caesaris
458 1826 482 1866 et
493 1827 549 1866 tuas

117 1909 194 1971 eulpa
207 1908 318 1956 deterere
331 1908 427 1970 ingeni.

117 2050 185 2115 [quis
198 2051 307 2099 Manem
318 2051 405 2098 tunice
415 2057 510 2098 tectum
523 2048 687 2097 adamantina

117 2141 195 2202 digne
207 2140 344 2202 scripserit,
360 2146 403 2185 eut
416 2140 519 2201 pulvere
532 2138 626 2186 Troico

65 2236 95 2276 15
116 2230 218 2291 nigrum
230 2228 373 2286 Merionen,
390 2235 433 2276 aut
446 2242 495 2290 ope
508 2228 621 2276 Palladis

116 2317 234 2379 Tydiden
248 2316 345 2379 superis
358 2314 475 2379 peremi]

116 2473 165 2507 nos
179 2459 303 2518 convivia,
323 2474 371 2506 nos
384 2459 484 2522 proelia
495 2458 620 2521 virginum

117 2548 191 2597 sectis
204 2549 231 2596 in
243 2548 345 2596 iuvenes
357 2549 486 2610 unguibus
500 2549 597 2595 acrium

116 2644 258 2695 cantamus,
278 2637 359 2696 vacui,
375 2638 425 2685 sive
439 2636 499 2699 quid
513 2638 617 2695 urimur,

64 2734 96 2777 20
117 2741 173 2774 nen
186 2734 286 2789 praeter
299 2726 401 2774 solitum
414 2726 492 2774 leves.
