1917 3117
389 214 480 253 amna
497 214 544 252 111.

94 372 229 421 destrictus
243 372 310 421 enus
323 372 364 420 cui
376 386 453 435 super
465 371 536 434 inpia

93 461 191 511 cervice
203 461 306 524 pendet,
321 475 376 509 non
389 459 493 510 Siculae
505 461 584 524 dapes

94 551 196 600 dulcem
208 550 378 598 elaborabunt
391 563 519 612 saporem,

33 648 72 690 πο
93 654 148 690 non
161 639 245 688 avium
258 639 422 701 citharaeque
433 646 523 687 cautus

93 797 213 831 somnum
224 781 357 830 reducent.
384 796 491 829 somnus
503 781 640 844 agrestium

93 872 161 921 lenis
173 872 285 919 virorum
297 886 350 919 nou
363 870 466 918 humilis
484 870 575 918 domos

94 961 193 1010 fastidit
204 961 403 1022 umbrosamque
416 960 507 1023 ripam,

92 1064 149 1100 non
161 1050 277 1113 zephyris
289 1050 385 1112 agitata
397 1048 503 1112 Tempe.

38 1203 71 1243 25
95 1193 281 1241 desiderantem
294 1192 364 1254 quod
377 1192 439 1240 satis
453 1198 492 1239 est
505 1204 588 1253 neque

60 1261 64 1268 ⁴
93 1283 279 1332 tumultuosum
291 1280 412 1329 sollicitat
424 1293 503 1339 mare,

99 1386 148 1420 nec
160 1385 250 1421 saevus
267 1371 360 1419 arcturi
372 1368 487 1417 cadentis

93 1461 204 1524 impetus
217 1468 261 1509 aut
272 1458 376 1508 orientis
388 1457 473 1518 haedi,

94 1618 150 1652 non
162 1603 309 1651 verberatae
322 1600 447 1665 grandine
459 1600 549 1649 mneac

38 1701 72 1743 30
95 1692 243 1755 fundusque
254 1691 376 1749 mendax,
392 1690 485 1738 arbore
497 1704 567 1738 nunc
579 1705 660 1753 aquas

95 1783 225 1845 culpante,
242 1794 310 1828 nune
321 1780 447 1829 torrentia
459 1793 535 1841 agros

96 1871 190 1930 sidera,
205 1884 276 1918 nunc
288 1869 386 1917 hiemes
399 1868 510 1930 iniquas.

96 2020 228 2063 contracta
241 2013 324 2075 pisces
342 2024 455 2073 aequora
467 2011 579 2059 sentiunt

95 2103 169 2151 iactis
182 2104 209 2150 in
223 2101 302 2150 altum
314 2100 439 2149 molibus:
461 2100 512 2148 huc
524 2100 648 2163 frequens

41 2201 75 2243 35
96 2197 229 2241 caementa
242 2190 349 2239 demittit
362 2190 508 2253 redemptor

97 2296 155 2328 cum
167 2279 270 2328 famulis
283 2279 455 2341 dominusque
466 2287 550 2327 terrae

97 2422 258 2471 fastidiosus:
281 2422 325 2471 sed
339 2422 416 2470 timor
428 2429 453 2471 et
465 2421 550 2469 minae

97 2512 224 2561 scandunt
237 2513 328 2560 eodem
341 2526 392 2575 quo
406 2511 534 2568 dominus,
548 2524 632 2572 neque

97 2602 198 2651 decedit
210 2606 298 2650 aerata
310 2600 405 2649 triremi
418 2608 445 2648 et

44 2700 77 2741 4⁰
97 2696 158 2756 post
170 2692 282 2754 equitem
295 2690 366 2739 sedet
379 2696 435 2738 atra
448 2704 519 2738 cura.
