1917 3117
396 196 483 238 mm
496 199 537 237 1.'

96 357 152 403 ‘neo
165 355 259 405 furtum
271 355 320 404 feci
333 369 381 404 nee
393 355 457 417 tugi'
469 355 492 402 si
503 355 565 402 milii
578 356 639 404 dicit

98 458 193 504 servus,
208 445 295 493 ‘hebes
309 445 426 506 pretium,
442 443 503 491 loris
516 457 571 491 non
584 443 673 491 ureris'
685 444 735 491 aio.

97 533 159 580 ‘non
172 532 302 581 homiuem
315 531 419 580 occidi!
436 546 492 580 non
504 531 630 593 peeoesin
642 545 717 578 cruce
730 545 830 579 eorroe.

96 621 161 669 ‘sum
174 621 259 669 bonus
270 628 295 668 et
307 620 396 682 fingi.³
420 619 505 667 renuit
521 619 670 682 negitatque
683 618 813 668 Sabellus.

49 718 82 757 50
98 717 185 756 centus
198 708 267 757 enim
278 709 367 757 metunt
378 709 483 756 foveam
495 708 570 770 lupus
583 707 757 770 accipiterque

97 804 229 858 suspeetos
241 798 348 859 laqueos
362 805 387 845 et
399 804 517 858 opertum
530 796 623 843 miluus
635 795 748 844 hemum,

98 885 207 932 oderunt
219 898 326 946 peceare
340 885 401 933 boni
413 885 513 932 virtutus
526 898 623 932 amore,

97 979 125 1019 tu
137 972 200 1020 nihil
214 973 332 1022 admittes
345 973 373 1021 in
385 981 411 1022 te
424 972 562 1020 formidine
574 986 689 1035 poenae:

98 1061 130 1108 sit
142 1075 201 1122 spes
213 1060 330 1120 fallendi,
346 1061 464 1110 miscebis
477 1074 551 1107 saera
562 1058 688 1122 profanis.

48 1158 81 1197 bb
96 1162 156 1196 nem
169 1149 201 1196 de
214 1149 284 1197 mille
295 1149 372 1197 labae
383 1149 475 1197 modiis
489 1163 546 1196 eum
559 1147 664 1210 surripis
677 1162 766 1206 unum,

96 1238 218 1285 damnum
230 1246 278 1296 est,
293 1253 346 1286 non
358 1237 467 1295 facinus,
482 1236 544 1284 mibi
557 1243 633 1298 pecto
645 1236 729 1284 lenius
741 1236 801 1282 isto.

96 1325 231 1384 virbonus,
240 1324 836 1387 omneforumquemspectatetomnetribunal,

96 1415 310 1477 quandocumque
322 1415 384 1463 deos
398 1415 439 1463 vel
451 1427 531 1477 porco
544 1413 583 1460 vel
598 1413 662 1460 bove
675 1413 768 1474 placet,

95 1501 167 1550 ‘Iane
179 1503 259 1565 pater’
271 1503 349 1561 clare,
365 1503 433 1551 clere
446 1517 504 1551 cum
517 1501 582 1549 dixit
593 1501 721 1564 ‘Apollo'

48 1598 81 1638 60
96 1590 169 1639 labra
181 1599 265 1638 movet
275 1599 392 1638 metuens
405 1590 487 1639 audiri
499 1591 616 1652 ‘pulchra
627 1589 753 1647 Lavernae,

97 1677 131 1723 da
142 1678 204 1725 mihi
216 1677 316 1735 fellere,
333 1679 366 1724 da
378 1679 444 1725 iusto
457 1687 599 1740 sanctoque
611 1678 699 1735 videri,

97 1771 200 1812 noctem
212 1764 324 1827 peccatis
338 1773 363 1812 et
375 1765 506 1814 t'raudibns
525 1767 599 1814 obice
611 1766 727 1813 nubem.³

97 1853 140 1915 qui
151 1852 243 1900 melior
255 1865 338 1910 servo,
355 1852 398 1913 qui
410 1852 517 1901 liberior
529 1854 561 1901 sit
573 1867 671 1911 avarus,

95 1942 123 1989 in
136 1940 214 1988 triviis
227 1941 307 1988 fixum
319 1954 377 1987 oum
389 1953 417 1987 se
430 1940 538 1988 demittit
550 1941 583 1989 ob
597 1955 689 1999 assem,

47 2037 81 2077 65
96 2042 150 2076 non
163 2029 245 2076 video.
273 2042 333 2075 nam
345 2027 389 2091 qui
403 2028 497 2090 cupiet,
512 2036 608 2078 metuet
620 2043 737 2091 quoque:
761 2043 839 2091 porro

97 2116 141 2180 qui
153 2124 269 2164 metuens
282 2117 355 2175 viret,
370 2116 437 2165 liber
447 2116 510 2164 mibi
522 2131 576 2165 non
589 2117 637 2164 erit
648 2131 778 2179 umquam,

95 2205 206 2268 perdidit
218 2220 298 2264 arma,
312 2205 398 2252 locum
410 2204 506 2253 virtutis
519 2206 639 2265 deseruit,
654 2205 698 2268 qui

11 2306 14 2321 ³
97 2308 199 2357 semper
210 2294 238 2341 in
251 2293 371 2356 augenda
382 2293 486 2342 festinat
498 2303 524 2342 et
537 2294 652 2342 obruitur
664 2308 700 2342 re.

96 2383 207 2431 vendere
219 2397 278 2431 oum
290 2383 374 2445 poesis
388 2382 523 2445 captivum,
539 2383 655 2430 occidere
667 2384 736 2431 noli:

51 2479 82 2520 70
96 2471 189 2520 serviet
200 2471 309 2520 utiliter:
330 2471 386 2519 sine
400 2479 490 2533 paseat
502 2471 579 2519 durus
592 2479 706 2534 aretque,

96 2559 199 2620 naviget
212 2573 241 2607 ac
255 2559 346 2608 mediis
359 2559 454 2608 hiemet
465 2567 594 2607 mereator
605 2560 632 2607 iu
645 2560 729 2619 undis,

97 2661 218 2696 annonae
230 2648 319 2711 prosit,
335 2655 420 2710 portet
430 2647 559 2696 frumenta
571 2662 713 2711 penusque.
