1917 3117
122 202 174 252 212
397 203 571 241 samareum

77 372 107 411 το
122 369 151 410 ut
162 377 203 410 me
216 360 369 418 collaudem,
386 360 407 407 si
420 369 445 407 ct
458 361 515 407 vivo
528 373 602 407 carus
615 359 712 416 amicis,

121 465 199 500 causa
211 450 259 497 fuit
271 457 344 512 pater
355 449 402 508 his,
419 449 462 510 qui
473 463 561 496 macro
574 463 672 511 pauper
683 447 768 509 agello

122 540 205 587 noluit
217 539 244 585 in
254 537 328 585 Flavi
340 538 430 586 ludam
442 550 484 585 ma
496 538 603 595 mittere,
619 538 706 598 magni

123 643 175 691 quo
189 627 260 689 pueri
273 626 374 688 magnis
388 640 402 674 e
415 626 607 673 centurionibus
617 625 677 683 orti,

122 718 195 765 laevo
209 715 327 777 suspensi
340 715 440 762 loculos
453 715 618 776 tabulamque
639 713 744 774 lacerto,
811 755 813 758 ,

77 813 107 854 '15
122 806 195 852 ibant
209 803 309 851 octonis
322 802 460 851 referentes
473 803 558 850 idibus
572 817 644 862 aera3
729 803 732 811 '

122 894 168 941 sed
182 906 289 955 puerum
301 899 340 939 eat
352 905 428 938 ausus
441 890 550 938 Romam
564 899 674 953 portare,
691 891 835 939 docendum

123 982 184 1030 artis
197 995 260 1043 quas
275 980 367 1028 doceat
379 980 460 1042 quivis
473 993 551 1042 eques
565 988 642 1042 atqua
654 986 758 1027 senator

123 1077 203 1119 semet
216 1077 368 1131 prognatos.
395 1077 491 1118 vestem
504 1083 642 1131 seruosque
654 1067 795 1130 sequentis.

122 1159 150 1206 in
163 1172 258 1219 magno
271 1164 300 1204 ut
311 1158 418 1220 populo,
434 1158 502 1219 siqui
514 1157 627 1214 vidisset,
643 1157 711 1204 avita

77 1255 108 1296 80
125 1260 198 1295 exre
210 1246 326 1309 praeberi
339 1253 454 1308 sumptus
466 1246 529 1293 mihi
542 1246 656 1294 crederet
668 1246 737 1292 illos.

123 1336 178 1398 ipae
190 1335 252 1381 mihi
266 1341 350 1382 custos
362 1335 595 1397 incorruptissimus
604 1335 692 1382 omnia

124 1424 220 1472 circum
233 1423 352 1469 doctores
365 1423 461 1471 aderat.
490 1423 550 1485 quid
563 1421 661 1470 multa?
680 1421 808 1484 pudicum,

124 1512 168 1576 qui
180 1510 277 1573 primus
290 1510 387 1558 virtutis
401 1511 494 1569 honos,
510 1510 618 1558 servavit
630 1510 662 1557 ab
676 1510 746 1557 omni

123 1615 178 1649 non
191 1599 275 1648 solum
287 1597 365 1657 facto,
380 1613 467 1647 verum
480 1599 620 1661 opprobrio
634 1612 737 1661 qnoque
749 1598 831 1660 turpi:

78 1697 109 1738 85
124 1703 172 1736 nec
185 1688 277 1746 timuit,
293 1687 341 1735 sibi
354 1702 387 1735 ne
399 1688 459 1735 vitio
473 1689 530 1750 quis
548 1696 664 1746 verteret,
680 1687 742 1735 olim

125 1777 146 1826 si
160 1790 252 1840 praeco
266 1790 355 1838 parvas
369 1781 420 1834 aut,
436 1784 464 1824 ut
475 1776 524 1824 suit
535 1777 600 1839 ipsc,
615 1784 720 1825 coactor

123 1865 254 1914 marcadus
264 1878 397 1927 aequarem
412 1879 496 1926 neque
503 1880 552 1927 ego
559 1879 642 1913 essem
648 1873 766 1927 quastus:
778 1863 862 1912 athoc

486 1968 554 2001 nunc

125 2042 181 2090 laus
193 2042 234 2090 illi
245 2042 351 2090 debatur
363 2049 390 2091 et
402 2057 418 2089 a
430 2057 471 2090 me
484 2043 566 2104 gratia
578 2042 669 2090 maior.

125 2131 162 2178 nil
175 2144 216 2178 me
229 2131 359 2193 paeniteat
371 2145 462 2177 sanum
475 2131 554 2193 patris
567 2131 641 2177 huius
649 2138 755 2192 3'eoque

79 2227 110 2268 tt
126 2234 188 2278 non,
203 2228 231 2268 nt
242 2233 338 2280 magna
350 2219 411 2267 dolo
424 2220 520 2266 factum
533 2227 611 2281 negat
623 2233 680 2267 esse
694 2233 741 2267 suo
754 2233 822 2281 pars,

126 2309 195 2370 quod
208 2322 261 2355 non
274 2307 403 2369 ingenuos
416 2307 510 2356 habeat
522 2308 657 2369 clarosque
670 2317 799 2370 parentes,

125 2396 161 2443 sio
174 2410 216 2443 me
228 2395 373 2445 defendam.
400 2396 477 2458 longe
490 2409 548 2443 mea
561 2395 688 2458 discrepat
699 2397 754 2444 istis

126 2490 152 2531 et
165 2497 216 2530 vox
228 2492 253 2532 et
265 2485 338 2532 ratio.
367 2499 426 2532 nam
440 2484 460 2531 si
472 2491 565 2532 natura
577 2485 678 2533 iuberet

125 2586 141 2617 a
153 2572 228 2619 certia
242 2574 315 2620 annis
328 2587 419 2621 aevum
430 2587 544 2621 remeare
557 2581 698 2636 peractum,

78 2667 109 2707 95
125 2667 201 2721 atque
215 2660 278 2707 alios
292 2660 387 2723 legere,
402 2661 434 2707 ad
448 2661 542 2709 fastum
554 2677 728 2725 quoscumque
741 2662 856 2724 parentis
