1917 3117
143 218 196 268 314
399 220 614 259 nrrsrnnnnun

142 379 209 426 inter
222 392 288 440 quae
300 379 405 425 verbum
417 375 520 424 emicuit
531 377 553 423 si
566 377 631 424 forte
646 377 779 435 decorum,

143 466 164 514 si
175 481 262 514 versun
275 466 362 529 paullo
376 465 528 513 concinnior
540 480 606 512 nnus
619 472 645 513 et
657 466 730 524 alter,

97 563 129 604 'lt
142 555 236 603 iniuste
249 562 331 602 totum
344 553 413 601 ducit
424 553 563 615 venditque
575 568 677 616 poema.

141 644 265 705 indignor
276 643 413 706 quicquam
426 642 554 704 reprendi,
570 655 623 688 non
636 642 696 703 quia
708 656 796 691 crasse

143 732 305 794 conpositum
317 731 463 793 inlepideve
476 738 587 792 putetur,
602 730 648 777 sed
662 729 722 792 quia
734 745 839 792 nupcr3

142 835 189 867 nec
201 820 303 867 veniam
314 819 433 880 antiquis,
444 818 489 866 sed
496 819 621 866 honorem
634 825 660 865 et
672 819 788 881 praemia
800 822 890 882 posci.

141 916 210 956 recte
222 922 305 955 necne
318 921 421 954 crocum
433 906 562 968 floresque
575 907 735 968 perambulet
751 908 834 956 Attae

96 1004 127 1044 80
141 995 263 1043 fabulosi
276 995 399 1053 dubitem,
415 995 528 1043 clament
540 994 647 1057 periisse
659 996 785 1057 pudorem

142 1083 229 1130 cuncti
242 1097 325 1146 paene
337 1091 431 1146 patres,
447 1097 478 1131 eu
491 1097 549 1130 cum
561 1083 716 1145 reprendere
728 1098 809 1132 coner

143 1186 208 1233 quae
222 1172 306 1234 gravis
318 1172 447 1234 Aesopus,
463 1186 530 1233 quae
543 1172 634 1219 doctus
646 1171 755 1220 Roscius
768 1173 838 1234 egit3

141 1260 180 1307 vel
195 1260 254 1323 quia
267 1260 303 1308 nil
316 1269 423 1319 rectum,
438 1260 489 1307 nisi
502 1260 571 1322 qnod
584 1260 681 1323 placuit
693 1260 749 1318 sibi,
766 1261 876 1320 ducunt,

141 1349 181 1397 vel
196 1349 257 1411 quia
268 1356 342 1411 turpe
355 1356 445 1410 putant
458 1362 548 1410 parere
560 1348 711 1406 minoribus,
727 1356 834 1411 atquae

95 1444 127 1485 85
142 1437 243 1485 inberbi
257 1436 377 1493 didicere,
393 1451 468 1485 senes
481 1436 612 1498 perdenda
624 1436 708 1484 lateri.

140 1524 191 1570 iam
205 1525 297 1572 saliare
311 1524 410 1572 Numae
423 1539 526 1572 carmen
539 1525 583 1586 qui
595 1524 692 1583 laudat,
708 1532 734 1572 et
745 1524 820 1581 illud,

141 1613 210 1674 quod
223 1626 324 1659 mecum
336 1612 447 1673 ignorat,
464 1613 534 1660 solus
546 1612 600 1659 volt
612 1611 677 1659 scire
690 1612 778 1670 videri,

140 1700 251 1761 ingeniis
264 1714 319 1747 non
331 1700 376 1747 illo
388 1700 457 1747 favet
469 1699 619 1761 plauditque
632 1699 747 1761 sepultis,

139 1795 228 1835 nostra
241 1787 285 1836 sed
299 1789 433 1849 inpugnat,
448 1802 497 1835 nos
510 1795 651 1849 nostraque
663 1787 753 1835 lividus
768 1788 833 1836 odit.

93 1884 125 1924 90
141 1877 233 1938 quodsi
246 1884 298 1924 tam
312 1875 417 1924 Graecis
431 1875 530 1923 novitas
542 1875 626 1923 invisa
637 1875 728 1923 fnisset

139 1979 217 2026 quam
228 1966 312 2023 nobis,
323 1965 384 2027 qnid
395 1979 463 2011 nunc
477 1972 545 2012 esset
555 1964 644 2012 retus?
656 1964 767 2026 autquid
775 1964 886 2015 haberet

140 2053 209 2115 quod
222 2052 319 2115 legeret
331 2061 475 2115 tereretque
489 2053 582 2100 viritim
595 2054 711 2115 publicus
723 2053 803 2101 usus?

138 2151 167 2189 ut
180 2143 289 2204 primum
302 2143 391 2204 positis
404 2143 497 2204 nugari
511 2140 620 2190 Graecia
633 2142 707 2190 bellis

90 2254 99 2263 -
138 2231 224 2293 coepit
237 2239 262 2278 et
272 2231 300 2279 in
314 2231 401 2278 vitium
414 2231 517 2278 fortuna
531 2232 612 2279 labier
624 2245 717 2293 aequa,

92 2326 123 2367 et
138 2333 207 2366 nnnc
220 2319 374 2369 athletarum
387 2319 486 2376 studiis,
502 2334 571 2366 nune
584 2319 646 2367 arsit
658 2334 792 2381 equorum,

138 2409 271 2454 marmoris
285 2416 329 2455 aut
342 2408 426 2456 eboris
440 2408 528 2458 fabros
541 2415 585 2456 aut
598 2408 665 2455 aeris
677 2408 780 2467 amavit,
813 2395 817 2401 ’

138 2496 271 2555 suspendit
284 2496 353 2557 picta
364 2495 461 2543 voltum
475 2504 639 2558 mentemque
651 2496 756 2553 tabella,

137 2594 207 2627 nunc
218 2582 374 2641 tibicinibus,
390 2598 459 2630 nunc
472 2591 511 2631 est
523 2584 611 2645 gavisa
622 2584 769 2646 tragoedis3

138 2668 184 2715 sub
198 2669 295 2716 nutrice
309 2670 395 2731 puella
408 2670 476 2718 velut
489 2671 510 2718 si
524 2672 624 2719 luderet
636 2672 732 2729 infans,
