1917 3117
148 201 200 251 220
409 247 410 250 ,
423 205 595 244 SATIRARUM

145 376 299 410 summosses
312 362 416 409 omnis.'
439 362 501 410 ‘uon
514 362 564 410 isto
576 361 681 410 vivimus
694 363 748 411 illio

145 463 196 512 que
209 458 237 498 tu
249 463 304 498 rere
316 450 408 497 modo:
431 451 521 498 domus
533 450 582 497 hae
594 465 643 498 neo
656 451 745 512 purior
758 452 858 513 ullast,

99 546 129 587 to
144 552 193 586 uec
205 538 287 601 magis
300 538 339 585 his
352 539 438 586 aliena
449 539 538 598 malis3
552 538 589 586 nil
601 538 636 586 mi
649 538 740 597 officit,
750 539 884 601 inquam,

145 626 221 674 ditior
232 626 273 674 hie
287 635 330 674 aut
342 636 381 674 est
393 628 453 689 quie
464 627 578 685 doctior3
599 634 638 674 est
650 627 723 674 locus
738 628 784 674 uni

145 715 326 776 ouiquesuus.²
337 715 573 777 ίιιιιςιιιιιιιιιιιιιιε,
582 714 778 763 ιὶχοτοᾶίϋίίο)
791 717 886 780 ‘atqui

145 803 182 851 sio
194 803 291 853 habet.³
314 803 441 851 ‘accendis
455 816 535 865 quare
547 802 648 865 cupiam
659 803 743 865 magis
756 803 796 851 illi

144 891 277 954 proximus
284 892 360 940 esse.'
371 890 639 939 ‘velistautummodoz
656 905 723 952 quae
730 900 776 938 tua
783 893 886 955 virtus,

98 990 128 1030 55
144 980 320 1043 expugnabis3
342 988 367 1028 et
379 987 418 1028 est
431 980 475 1041 qui
488 980 553 1026 vinei
566 979 655 1041 possit,
672 993 757 1041 eoque

144 1068 255 1117 difficilis
268 1068 351 1116 aditus
366 1068 462 1130 primos
475 1067 572 1115 habet)
594 1067 671 1114 ‘haud
684 1067 747 1115 mihi
762 1068 868 1119 deero:

144 1157 293 1205 muneribus
306 1171 391 1205 servos
404 1169 580 1217 corrumpam
596 1168 658 1214 non,
674 1155 753 1203 hodie
767 1157 791 1205 si

144 1244 359 1302 exclamassem,
376 1244 510 1302 desistam
526 1251 642 1305 tempora
655 1258 794 1306 quaeram3

143 1346 277 1382 oecurram
288 1332 316 1380 in
329 1333 424 1391 triviis3
440 1333 573 1380 deducam.
602 1331 638 1379 nil
650 1331 706 1380 sine
720 1347 821 1396 magno

98 1431 128 1472 60
143 1424 195 1472 vita
207 1422 297 1469 labore
311 1420 380 1468 dedit
392 1421 563 1468 mortalibus!
581 1420 645 1467 haec
658 1421 719 1468 dum
733 1423 799 1483 agit,
816 1437 888 1474 ecee

143 1512 242 1559 Fuscus
254 1509 363 1557 Aristius
377 1510 494 1567 occurrit,
508 1508 569 1555 mihi
581 1522 654 1554 eurus
668 1516 693 1555 et
703 1509 778 1557 illum

120 1606 124 1612 “
143 1599 187 1661 qui
199 1596 306 1660 pulchre
319 1605 415 1645 nosset.
444 1596 615 1645 consistimus.
636 1596 713 1644 ‘unde
728 1599 833 1647 venis?
854 1612 886 1651 et

141 1687 202 1749 ‘quo
215 1683 328 1733 tendis?
346 1692 420 1747 rogat
433 1692 458 1733 et
469 1684 617 1746 respondet.
646 1685 741 1733 vellere
755 1690 845 1751 coepi,

142 1785 168 1824 et
180 1786 301 1838 prensare
314 1787 392 1821 manu
405 1772 548 1820 lentissima
560 1772 688 1830 bracchia,
704 1783 812 1836 nutans,

97 1873 127 1913 65
144 1865 307 1924 distorquens
321 1862 419 1918 oculos,
433 1868 461 1907 ut
473 1874 514 1907 me
527 1860 643 1921 eriperet.
670 1862 738 1909 male
758 1865 849 1913 salsus

141 1953 228 2001 ridens
243 1949 417 2008 dissimulare3
439 1962 523 1995 meum
536 1947 606 1995 iecur
617 1961 691 1995 urere
706 1949 774 1998 bilis.

141 2042 218 2089 ‘certe
231 2038 319 2086 neseio
333 2036 392 2099 quid
407 2044 505 2083 secreto
518 2036 583 2083 velie
596 2036 667 2098 loqui
683 2045 710 2085 te

141 2130 229 2179 aiebas
242 2126 362 2173 meeum.'
385 2123 496 2172 ‘memini
511 2124 583 2182 bene,
600 2125 645 2172 sed
658 2126 761 2173 meliori

141 2227 259 2280 tempore
273 2213 371 2260 dicam:
387 2211 463 2259 hodie
475 2210 604 2259 tricesima
616 2214 739 2261 sabbata:
760 2215 804 2263 viu
819 2226 849 2267 tu

96 2316 127 2357 το
143 2307 221 2355 curtis
234 2301 336 2351 Iudaeis
350 2297 505 2362 oppedere?'
521 2299 604 2347 ‘nulla
615 2300 686 2348 mihi'
697 2302 808 2364 inquam

140 2393 250 2455 ‘relligio
264 2390 323 2438 est.'
345 2389 380 2434 ‘at
391 2387 441 2433 mi:
462 2401 518 2433 sum
531 2388 618 2449 paullo
630 2389 767 2449 infirmior,
788 2408 860 2444 unus

141 2481 289 2529 multorum.
310 2477 444 2537 ignosces:
459 2474 523 2521 alias
535 2475 645 2536 loquar-‚³
663 2476 778 2528 huncine
790 2484 881 2534 solem

141 2578 194 2615 tam
207 2566 309 2627 uigmm
323 2577 428 2611 surrexe
438 2561 516 2608 mihi!
537 2562 604 2623 fugit
616 2563 741 2625 inprobus
755 2583 787 2616 ao
800 2586 846 2621 me

141 2656 188 2703 sub
203 2653 285 2701 cultro
299 2652 400 2714 linquit.
428 2664 490 2697 easu
503 2650 571 2696 venit
586 2650 675 2698 obrius
688 2651 726 2699 illi
