1917 3117
421 178 511 216 amun
522 178 555 216 ιι.
798 175 849 226 207

76 343 110 384 60
125 336 192 394 finis,
208 335 235 383 ni
248 335 351 397 sapiens
364 335 400 383 sic
414 334 591 384 Nomentanus
605 335 715 384 amicum

125 425 228 473 tolleret
239 423 314 481 “hem
330 424 453 482 Fortuna,
469 424 526 485 quis
540 431 579 472 est
591 424 720 495 crudelior
730 423 759 472 in
771 437 820 471 nos

125 521 152 562 te
164 512 244 562 deus?
263 520 291 560 ut
303 526 404 574 semper
417 513 514 574 gaudes
526 512 643 559 inludere
656 512 731 559 rebus

124 602 272 649 humanis.'’
296 600 389 648 Varius
401 615 497 664 mappa
509 614 665 662 conpescere
678 600 757 648 risum

123 690 167 737 vix
179 697 286 752 poterat.
314 689 429 748 Balatro,
445 690 607 751 suspendens
621 689 709 736 omnia
720 702 794 747 naso,

74 787 109 828 65
122 779 203 827 “haec
216 786 255 826 est
267 778 385 826 condicio
399 777 516 826 vivendi”
527 778 621 835 aiebat,
636 777 738 839 “eoque

124 881 280 930 responsura
292 874 336 914 tuo
350 881 490 928 numquam
503 874 543 914 est
556 881 602 929 par
614 867 683 914 fama
696 865 789 913 labori.

123 963 192 1015 tene,
207 963 235 1003 ut
248 969 296 1017 ego
309 955 421 1017 accipiar
433 955 511 1014 laute,
526 955 670 1020 torquerier
683 954 755 1002 omni

124 1043 296 1092 sollicitudine
311 1042 461 1099 districtum,
478 1058 511 1091 ne
524 1044 598 1106 panis
616 1044 730 1100 adustus,

124 1146 158 1180 ne
170 1132 238 1179 male
251 1131 381 1179 conditum
393 1131 432 1178 ius
446 1131 599 1193 adponatur,
614 1139 642 1179 ut
655 1145 744 1179 omnes

75 1230 109 1270 to
124 1220 262 1283 praecincti
276 1227 344 1268 recte
357 1219 429 1283 pueri
442 1220 589 1282 comptique
601 1218 764 1268 ministrent?

123 1309 190 1356 adde
203 1308 250 1356 hos
263 1316 396 1372 praeterea
409 1322 491 1360 casus.
508 1309 600 1356 aulaea
611 1315 688 1356 ruant
700 1307 730 1363 si,

123 1405 152 1444 ut
163 1398 250 1457 modo,
266 1398 287 1445 si
299 1398 413 1460 patinam
427 1397 493 1460 pede
506 1397 593 1459 lapsus
607 1396 711 1459 frangat
723 1410 813 1458 agaso.

123 1487 169 1534 sed
182 1486 352 1534 convivatoris
365 1486 401 1534 uti
415 1486 487 1533 ducis
499 1485 633 1548 ingenium
645 1500 686 1534 res

124 1574 245 1622 adversae
258 1575 356 1622 nudare
369 1575 461 1632 solent,
477 1574 562 1622 celare
575 1574 732 1622 secundae.''

77 1671 109 1711 ‘15
123 1661 277 1710 Nasidienus
291 1662 323 1708 ad
336 1661 399 1709 hacc
411 1662 474 1710 “tibi
487 1662 512 1710 di
526 1676 702 1724 quaecumque
715 1662 826 1725 preceris

124 1750 260 1798 commoda
271 1750 346 1809 dent3
361 1751 397 1797 ita
407 1750 444 1797 vir
453 1751 537 1798 bonus
545 1764 571 1799 es
579 1751 737 1812 convivaque
744 1751 823 1797 comis
832 1749 857 1795 :’'

125 1845 151 1886 et
163 1837 248 1885 soleas
262 1838 352 1899 poscit.
380 1845 435 1885 tum
447 1839 474 1886 iu
488 1838 555 1886 lecto
570 1852 673 1899 quoque
686 1838 784 1886 videres

125 1926 232 1974 stridere
245 1932 344 1973 secreta
357 1925 451 1973 divisos
466 1939 527 1974 auro
540 1927 681 1973 susurros.³

123 2015 208 2063 nullos
221 2014 259 2061 his
272 2014 377 2061 mallem
390 2014 465 2061 ludos
478 2021 624 2076 spectasse:
646 2013 691 2061 sed
703 2013 750 2061 illa

78 2112 110 2153 80
125 2104 203 2152 redde
215 2117 264 2165 ago
277 2116 343 2164 quae
357 2103 477 2164 deinceps
492 2102 578 2149 risisti.
605 2101 731 2149 ‘Vibidius
745 2101 805 2149 dum

125 2192 224 2254 quaerit
237 2192 268 2239 de
281 2190 374 2254 pueris,
390 2204 452 2238 uum
465 2190 498 2237 sit
511 2204 614 2252 quoque
627 2190 710 2238 fracta
722 2191 824 2252 lagena,

125 2281 194 2343 quod
208 2279 256 2328 sibi
269 2280 386 2342 poscenti
400 2293 452 2326 uon
467 2278 560 2326 dantur
572 2280 676 2341 pocula,
692 2278 804 2341 dumque

125 2369 221 2417 ridetur
232 2369 296 2417 lictis
310 2382 403 2427 rerum,
418 2367 560 2414 Balatrone
574 2367 697 2426 secundo,

125 2457 272 2517 Nasidienc,
287 2458 353 2505 redis
367 2463 478 2504 mutatae
491 2454 594 2515 frontis,
610 2463 638 2502 ut
650 2463 704 2503 arto

81 2554 112 2595 85
126 2546 305 2594 emendaturus
318 2545 457 2593 fortunam.
486 2544 579 2591 deinde
592 2543 673 2592 secuti

126 2648 278 2683 mazonomo
292 2633 364 2697 pueri
377 2647 473 2695 magno
487 2631 617 2696 discerpta
628 2631 740 2681 ferentes
