1917 3117
375 200 463 239 LIBER
479 201 536 239 1111.

48 367 62 406 t
82 358 171 406 nidum
185 358 257 420 ponit
268 357 327 419 Ityn
340 357 458 407 flebiliter
469 373 574 422 gemens

82 447 175 495 infelix
187 446 239 494 avis
253 453 278 494 et
291 446 431 510 Cecropiae
444 449 534 495 domus

81 545 214 585 aeternum
228 537 403 599 opprobrium,
419 538 488 599 quod
501 538 567 585 ursle
586 537 706 585 barbaras

82 640 171 688 regum
184 632 224 673 est
236 626 290 673 ulta
303 625 431 674 libidines.

83 767 172 816 dieunt
182 767 210 814 in
222 774 311 816 tenero
324 769 439 830 gramine
450 767 583 830 pinguium

33 865 61 905 td
83 856 203 905 custodes
217 856 301 903 orium
313 856 427 903 carmine
439 857 525 905 fistula

83 945 263 1007 delectantque
276 945 352 993 deum
365 945 405 992 eui
418 959 496 1008 pecus
510 954 535 994 et
548 944 613 1008 nigri

83 1034 164 1083 eolles
176 1034 303 1082 Arcadiae
315 1034 428 1096 placent.

83 1176 214 1224 adduxere
227 1175 294 1224 sitim
305 1184 429 1240 tempore,
444 1176 552 1238 Vergili.

84 1265 130 1313 sed
143 1279 258 1328 pressum
271 1264 375 1313 Calibus
389 1267 482 1314 duoere
494 1265 615 1314 Liberum

33 1364 63 1404 ts
85 1356 106 1403 si
119 1353 206 1417 gestis,
221 1353 340 1402 iuvenum
353 1353 478 1402 nobilium
491 1355 581 1413 eliens,

85 1443 167 1491 nardo
180 1442 239 1490 vina
251 1443 397 1492 mereberis.

85 1585 160 1634 nardi
171 1600 262 1648 parvus
276 1600 346 1647 onyx
358 1586 442 1635 eliciet
454 1587 555 1645 eadum,

85 1675 129 1739 qui
142 1689 211 1722 nune
224 1673 345 1737 Sulpiciis
357 1676 464 1724 secubet
476 1675 583 1733 horreis,

84 1779 144 1828 spes
158 1764 256 1811 donare
269 1778 347 1811 novas
361 1765 447 1827 largus
460 1780 598 1827 amaraque
674 1761 676 1766 ’

32 1863 63 1904 20
84 1868 203 1903 curarum
216 1853 300 1902 eluere
314 1852 416 1901 efficax.

84 1997 117 2044 sd
131 2010 197 2057 quus
210 1995 231 2043 si
244 2009 367 2058 properas
379 1995 482 2058 gaudis,
498 2010 555 2042 cum
567 2004 611 2043 tus

83 2086 161 2134 velox
173 2098 257 2133 meree
269 2084 341 2133 veni:
363 2099 416 2132 non
429 2099 479 2146 ego
492 2092 517 2133 te
529 2084 592 2131 meis

83 2176 217 2223 inmunem
228 2173 337 2222 meditor
347 2173 464 2235 tinguere
476 2173 585 2236 poculis,

83 2265 163 2328 plens
176 2264 244 2312 dives
256 2271 284 2311 ut
296 2263 323 2311 in
338 2263 424 2311 domo.

31 2415 62 2456 25
83 2421 172 2455 verum
185 2420 255 2468 pone
266 2421 351 2453 moras
365 2412 390 2453 et
402 2406 515 2453 studium
527 2406 600 2462 lueri,

83 2496 268 2558 nigrorumque
281 2509 379 2543 memor
397 2495 457 2543 dum
470 2495 531 2542 lieet
541 2493 639 2556 ignium

83 2584 163 2632 misce
176 2584 310 2631 stultitiam
322 2583 435 2632 consiliis
449 2585 565 2632 brevem:

83 2673 161 2720 dulos
175 2679 213 2719 est
226 2671 341 2735 desipere
353 2672 379 2719 in
396 2674 464 2721 loeo.

139 2774 236 2810 llorttius.
253 2774 282 2809 ed.
292 2775 313 2809 ll.
645 2785 673 2825 Η)
