1917 3117
126 206 176 256 lea
401 209 576 249 surrannusr

62 375 109 415 100
124 366 207 415 divisit
218 368 338 427 medium,
356 367 496 417 fortissima
507 368 720 430 Tyndaridarum.

123 455 192 518 ‘quid
205 456 240 503 mi
252 456 329 519 igitur
341 457 452 505 suades?
470 465 499 505 ut
511 457 593 505 vivam
605 457 715 505 Naevius
729 465 773 505 aut
785 457 822 505 sic

123 552 151 592 ut
163 544 339 593 Nomentanus
345 546 365 593 i'
379 546 465 608 pergis
478 547 621 608 pugnantia
633 561 721 595 secum

124 633 250 682 frontibus
264 633 376 683 adversis
390 649 548 697 conponere.
576 650 629 683 non
642 649 692 697 ego
706 650 810 683 ararum

124 737 182 771 curn
194 731 252 771 veto
265 731 290 771 te
303 724 365 782 lieri,
381 737 490 786 vappam
502 723 577 772 iubeo
591 738 621 772 ac
634 725 799 773 nebulonem.

62 820 109 860 105
125 820 162 860 est
173 812 240 860 inter
251 812 352 860 Tanain
366 812 488 874 quiddam
500 826 669 875 socerumque
680 812 787 861 Viselli:

125 907 163 948 est
175 900 265 947 modus
278 900 305 947 in
317 901 403 960 rebus,
418 908 479 948 sunt
491 902 555 949 certi
568 902 678 964 denique
691 904 765 961 lines,

127 1003 191 1051 quos
204 990 272 1036 ultre
283 990 396 1051 citraque
408 990 499 1052 nequit
515 991 656 1039 consistere
668 1000 776 1040 rectum.

123 1078 184 1126 illuc
197 1079 266 1126 unde
279 1078 329 1126 abii
342 1079 428 1136 redeo,
444 1079 488 1140 qui
501 1094 586 1138 nemo,
601 1087 741 1138 otmarus,

124 1181 151 1215 se
164 1167 255 1230 probet
268 1182 298 1215 ac
311 1168 396 1230 potius
409 1168 497 1216 laudet
510 1168 609 1215 diversa
626 1168 765 1231 sequentis,

62 1265 109 1304 110
125 1256 247 1318 quodque
260 1256 346 1304 aliena
359 1257 460 1319 capella
472 1267 546 1319 gerat
558 1257 692 1305 distentius
705 1258 776 1316 uber,

124 1346 245 1401 tabescat,
261 1357 345 1407 neque
357 1358 385 1392 se
397 1344 488 1393 maiori
501 1347 682 1409 pauperiorum

124 1434 214 1481 turbae
221 1441 352 1496 conparet,
362 1434 431 1482 hunc
442 1442 520 1496 atque
527 1435 595 1482 bunc
607 1448 727 1497 superare
740 1436 849 1493 laboret,

125 1522 161 1569 sie
174 1522 307 1570 festinanti
321 1536 422 1585 semper
433 1524 588 1586 locupletior
600 1525 694 1582 obstet,

123 1619 159 1671 ut,
176 1625 233 1659 cum
246 1611 390 1658 carceribus
403 1612 495 1659 missos
508 1612 576 1675 rapit
588 1613 685 1674 ungula
698 1627 794 1672 currus,

64 1708 70 1748 l
81 1708 110 1747 15
124 1700 202 1747 instat
215 1700 287 1762 equis
300 1700 390 1763 auriga
402 1715 462 1747 suos
475 1700 644 1760 uincentibus,
660 1702 733 1750 illum

125 1788 287 1851 praeteritum
299 1798 415 1838 temnens
433 1797 561 1838 extremos
573 1790 643 1838 inter
654 1797 765 1839 euntem.
834 1815 836 1818 ·

124 1877 184 1926 inde
197 1878 225 1925 lit
237 1887 265 1925 ut
277 1892 345 1937 raro,
362 1879 405 1940 qui
419 1892 446 1926 se
458 1878 552 1927 vixisse
565 1879 667 1927 beatum

126 1966 193 2014 dicat
205 1974 230 2014 et
243 1975 334 2015 exacto
352 1975 489 2016 contentus
502 1975 617 2030 tempore
629 1968 680 2016 vita

125 2055 198 2103 cedet
209 2056 245 2103 uti
257 2056 364 2103 conviva
376 2064 454 2114 satur,
470 2058 581 2119 reperire
595 2070 728 2119 queamus.

64 2153 110 2192 100
124 2144 176 2192 iarn
189 2145 249 2192 satis
264 2152 309 2191 est.
338 2158 370 2192 ne
383 2160 424 2193 me
438 2144 550 2206 Crispini
564 2144 657 2192 scrinia
669 2145 732 2208 lippi

125 2233 271 2295 conpilasse
283 2241 364 2294 putes,
380 2235 486 2282 verbum
498 2248 551 2281 non
565 2234 673 2296 amplius
686 2234 789 2282 addam.
