1917 3117
123 186 175 235 202
395 189 570 229 SATIRARUM

124 346 250 407 posterius
262 346 351 406 facias,
366 361 528 410 praeponens
542 347 631 395 ultima
648 347 749 409 primis;

74 442 109 481 tto
124 448 185 491 nou,
200 440 229 481 ut
241 435 262 481 si
276 436 360 482 solvas
371 436 518 497 ‘postquam
530 435 665 483 Discordia
677 443 759 483 taetra

124 522 184 570 belli
196 522 303 570 ferratos
317 524 396 585 postis
409 532 548 586 portasque
561 524 686 586 refregit,'

122 610 235 658 invenias
249 612 324 659 etiam
337 611 435 659 disiecti
447 613 562 659 membre
574 620 675 674 poetae.

122 699 243 747 hactenus
256 700 334 747 liaeo:
355 700 418 748 alias
431 699 526 747 iustum
538 700 572 748 sit
583 714 665 748 neone
677 715 778 763 poema.

123 801 192 835 nuno
203 788 267 835 illud
279 795 376 836 tantum
392 803 521 851 quaeram,
536 789 662 836 meritone
675 789 720 837 tibi
733 790 765 837 sit

76 884 109 923 ⁴55
124 886 268 938 suspectum
280 891 360 939 genus
372 877 423 925 hoo
435 877 573 924 scribendi.
600 874 702 923 Sulcius
716 891 775 925 uoer

124 965 239 1012 ambulat
251 972 276 1012 et
289 964 405 1027 Caprius,
420 966 490 1012 rauci
502 966 570 1013 male
583 978 692 1025 eumque
705 965 808 1020 libellis,

125 1066 233 1113 magnus
245 1061 351 1115 uterque
364 1053 439 1101 timor
452 1054 609 1101 latronibus:
629 1061 657 1100 at
670 1054 736 1100 bene
748 1053 769 1099 si
782 1054 840 1114 quis

124 1149 148 1189 et
160 1141 228 1188 vivat
239 1141 308 1203 puris
321 1141 448 1200 manibus,
464 1149 612 1189 contemnat
623 1150 767 1203 utrumque.

123 1237 151 1277 ut
164 1230 197 1277 sis
210 1237 238 1277 tu
251 1229 339 1276 similis
352 1228 424 1277 Caeli
436 1229 553 1292 Birrique
572 1230 708 1287 latronum,

76 1325 109 1365 ‘10
123 1332 177 1365 non
190 1332 238 1379 ego
252 1318 300 1365 sim
313 1316 390 1379 Capri
402 1332 487 1379 neque
501 1316 585 1365 Sulci:
608 1332 652 1365 our
664 1326 763 1365 metuas
775 1319 834 1364 me?

125 1406 196 1453 nulla
208 1406 316 1453 taberna
328 1420 400 1453 meos
413 1406 507 1453 habeat
519 1420 602 1467 neque
614 1406 667 1468 pila
679 1406 791 1462 libellos,

124 1494 180 1556 quis
192 1508 283 1540 manus
296 1493 398 1542 insudet
414 1495 484 1556 volgi
496 1493 717 1555 Hermogenisque
730 1493 833 1555 Tigelli.

125 1596 173 1629 nee
185 1582 264 1629 recito
279 1582 397 1644 cuiquam
410 1582 460 1630 nisi
472 1582 569 1640 amieis,
584 1581 662 1643 idque
679 1592 790 1639 coaetus,

123 1685 177 1718 non
190 1669 271 1717 ubivis
285 1684 401 1718 coramve
415 1669 579 1732 quibuslibet.
607 1671 633 1717 in
645 1670 730 1718 medio
745 1672 787 1733 qui

75 1767 90 1806 't
97 1767 108 1807 b
124 1759 218 1821 scripta
230 1758 287 1806 foro
300 1759 406 1807 recitent
417 1766 476 1807 sunt
492 1759 565 1806 multi
578 1758 672 1820 quique
684 1758 814 1806 lavantes:

124 1861 201 1894 suave
213 1848 284 1895 locus
298 1847 354 1894 voci
367 1855 472 1894 resonet
484 1847 629 1894 conclusus.
657 1847 742 1894 inanis

123 1936 173 1983 hoe
184 1936 261 1995 iuvat,
277 1937 344 1982 haud
357 1934 422 1983 illud
436 1935 590 1996 quaerentis,
606 1949 667 1981 num
680 1935 735 1982 sine
748 1949 833 1991 sensu,

123 2033 238 2086 tempore
249 2038 312 2072 num
323 2023 421 2070 iaciant
433 2023 528 2070 alieno.
554 2023 665 2071 ‘laedere
678 2023 783 2085 gaudes’

124 2112 213 2174 inquit,
228 2113 262 2160 ‘ot
275 2112 325 2159 hoo
338 2111 422 2159 studio
436 2126 528 2173 pravus
540 2111 625 2159 facis)
649 2112 717 2159 uude
730 2112 835 2173 potitum

77 2208 108 2248 80
123 2200 173 2248 hoo
185 2201 266 2249 in-me
278 2199 357 2247 iacis?
376 2208 415 2248 est
426 2207 517 2247 auctor
529 2200 585 2262 quis
599 2199 709 2261 denique
723 2213 811 2246 eorum

123 2290 173 2336 vixi
186 2303 244 2336 eum
257 2288 366 2350 quibus?
385 2289 517 2336 absentem
530 2288 574 2349 qui
586 2287 654 2335 rodit
666 2288 784 2343 amioum,

124 2377 232 2437 quinon
246 2377 361 2425 defendit
373 2376 424 2424 alio
438 2377 567 2438 culpante,
582 2377 681 2423 solutos

123 2464 167 2526 qui
180 2473 265 2526 captat
277 2466 341 2513 risus
354 2465 487 2512 hominum
499 2464 645 2526 famamque
658 2463 760 2513 dioaeis.

124 2552 220 2614 lingere
233 2554 276 2615 qui
289 2569 343 2602 non
355 2554 408 2601 visa
421 2560 513 2615 potest,
527 2553 656 2600 conmissa
668 2560 753 2601 tacere

78 2646 109 2686 85
124 2640 167 2701 qui
179 2641 276 2702 nequit,
286 2641 326 2689 hio
339 2642 413 2704 niger
424 2649 471 2699 est,
488 2641 555 2689 hune
568 2649 603 2699 tu,
613 2640 737 2698 Romane,
754 2650 850 2687 caveto.

151 2831 167 2880 i
