1917 3117
373 209 585 248 EPISTULARUM

449 472 510 520 1111.

118 630 189 689 Albi,
205 626 353 680 nostrorum
365 647 512 681 sermonum
525 631 634 680 candide
646 632 733 691 iudex,

119 719 180 782 quid
194 734 262 768 nunc
275 728 301 768 te
314 721 397 768 dicam
409 721 496 769 facere
507 721 534 769 in
548 722 653 783 regione
666 720 789 768 Pedana?

118 808 229 857 scribere
242 809 311 871 quod
325 808 398 857 Cassi
410 810 555 858 Parmensis
569 809 694 872 opuscula
705 810 799 869 vincat,
837 838 847 845 -

119 911 153 945 an
165 897 270 944 tacitum
282 897 358 945 silvas
370 897 437 946 inter
450 905 550 960 reptare
564 897 681 956 salubris,

91 994 103 1033 5
119 993 251 1035 curantem
264 985 387 1049 quidquid
402 987 507 1048 dignum
520 987 637 1050 sapiente
649 986 814 1049 bonoquest?
825 1007 852 1025 x

119 1088 173 1122 non
186 1081 214 1122 tu
227 1088 321 1137 corpus
335 1080 391 1123 eras
404 1075 460 1123 sinc
472 1086 591 1137 pectore:
612 1075 637 1122 di
651 1074 697 1123 tibi
709 1074 829 1135 formam,

120 1162 145 1210 di
157 1162 203 1212 tibi
216 1163 315 1212 divitias
328 1164 452 1212 dederunt
465 1171 596 1226 artemque
607 1163 717 1212 fruendi.

120 1252 180 1314 quid
192 1259 283 1299 voveat
297 1252 364 1300 dulci
377 1252 505 1300 nutricula
516 1253 597 1300 maius
610 1252 723 1312 alumno,

120 1339 163 1402 qui
175 1354 266 1403 sapere
279 1347 305 1388 et
316 1340 365 1389 fari
378 1341 540 1403 possitquae
553 1341 655 1398 sentiat,
672 1348 697 1388 et
709 1342 750 1388 cui

75 1436 104 1476 tt
119 1429 209 1491 gratia,
225 1429 302 1488 fama,
318 1430 437 1478 valetudo
450 1430 584 1491 contingat
595 1428 706 1489 abunde,

119 1525 145 1566 et
156 1519 266 1566 mundns
279 1519 369 1579 victus,
384 1533 438 1565 non
452 1518 585 1566 deficiente
599 1517 737 1566 crumena?

118 1606 185 1655 inter
197 1621 269 1669 spem
282 1619 427 1669 curamque,
443 1607 547 1654 timores
560 1606 627 1654 inter
639 1613 664 1655 et
676 1606 726 1653 iras

120 1708 223 1743 omnem
235 1695 311 1743 crede
324 1695 390 1743 diem
403 1694 449 1742 tibi
463 1695 586 1742 diluxisse
600 1709 759 1757 supremum:

119 1790 193 1844 grata
205 1783 365 1846 superveniet
378 1797 444 1845 quae
456 1797 510 1830 non
524 1783 669 1845 sperabitur
680 1783 752 1830 hora.

76 1879 106 1919 ts
120 1885 161 1919 me
174 1872 295 1935 pinguem
308 1879 333 1921 et
344 1872 452 1920 nitidum
465 1873 531 1920 bene
544 1879 632 1919 curata
644 1879 701 1919 cute
713 1871 790 1929 vises,

120 1975 178 2009 cum
189 1962 271 2010 ridere
283 1959 362 2020 voles,
378 1960 482 2023 Epicuri
496 1960 527 2007 de
539 1973 619 2022 grege
632 1973 748 2022 porcum.

465 2260 498 2308 V.

120 2399 149 2448 Si
162 2409 234 2464 potes
246 2402 380 2449 Archiacis
394 2401 501 2448 conviva
514 2400 661 2449 recumbere
678 2400 751 2447 lectis

120 2503 169 2536 nec
181 2490 283 2537 modica
295 2504 388 2538 cenare
401 2489 475 2537 times
489 2490 546 2536 olus
560 2503 636 2537 omne
649 2488 755 2550 patella,

120 2589 242 2639 supremo
255 2584 279 2625 te
292 2579 347 2625 sole
361 2578 438 2636 domi,
454 2578 595 2639 Torquate,
610 2579 730 2625 manebo.

121 2663 180 2711 vina
193 2664 264 2712 bibes
276 2665 367 2712 iterum
379 2665 465 2713 Tauro
479 2665 573 2712 diffusa
585 2665 705 2728 palustris
