1917 3117
92 226 126 275 10
386 228 549 267 canentium

94 393 120 433 et
133 387 224 434 domus
237 385 312 433 exilis
325 385 461 446 Plutonia3
483 401 534 449 quo
548 386 623 434 simul
636 387 738 445 maaria,

95 488 143 523 nee
155 490 236 537 regna
249 475 301 522 viui
315 475 421 523 sortiere
433 475 502 534 talis,

93 577 142 611 nee
159 571 275 612 tenerum
286 563 401 626 Lycidan
420 564 559 624 mirabere,
582 580 633 627 que
646 566 713 614 calet
725 565 842 613 iuventus

42 660 73 701 20
94 668 162 701 nune
176 654 258 701 omnis
272 661 297 702 et
308 668 370 701 mox
382 653 494 716 virgines
506 655 639 716 tepebunt.

447 1043 480 1093 V.

95 1203 158 1263 Quis
172 1205 252 1253 multa
265 1203 366 1267 gracilis
379 1211 404 1252 te
415 1218 480 1275 puer
492 1204 519 1250 in
533 1217 593 1250 rosa

94 1293 212 1357 perfusus
225 1293 330 1356 liquidis
343 1299 435 1355 urguet
448 1291 569 1340 odoribus

94 1390 176 1444 grato,
191 1382 295 1443 Pyrrha,
310 1384 358 1429 sub
371 1379 463 1428 anuo?

95 1472 135 1519 eui
148 1471 239 1518 flavam
252 1470 347 1533 religas
361 1484 469 1527 comam,

61 1622 73 1661 5
94 1613 203 1676 simplex
215 1612 362 1660 munditiis?
375 1612 424 1660 heu
437 1611 556 1673 quotiens
568 1611 645 1659 tidem

94 1709 256 1763 mutatosque
269 1701 331 1748 deos
345 1701 416 1749 flebit
428 1707 453 1748 et
465 1714 558 1763 aspera

93 1790 174 1852 nigris
187 1804 300 1852 aequora
315 1789 396 1837 uentis

96 1879 241 1927 emirabitur
252 1878 377 1936 insolens,

7 2079 8 2082 Ἴ
96 2021 139 2084 qui
151 2035 221 2069 nune
233 2027 258 2069 te
271 2020 361 2068 fruitur
373 2021 495 2068 credulus
505 2034 591 2078 aurea,

7 2097 8 2100 Ἴ
45 2119 75 2160 te
96 2111 139 2173 qui
152 2124 253 2172 semper
269 2124 383 2169 vacuam,
398 2124 499 2172 semper
510 2109 647 2157 amabilem

95 2207 190 2263 sperat,
206 2199 306 2248 nescius
319 2213 397 2246 aurae

95 2289 204 2337 fallacis.
231 2288 325 2346 miseri,
341 2287 432 2349 quibus

94 2432 247 2493 intemptata
259 2429 334 2477 nites.
361 2443 403 2476 me
415 2428 504 2476 tabula
516 2443 589 2476 saeer

94 2520 178 2568 votiva
190 2518 274 2582 paries
286 2517 384 2566 indicat
396 2517 472 2565 uvida

7 2627 8 2650 1
44 2618 74 2658 15
95 2609 259 2672 suspendisse
273 2607 374 2670 potenti

95 2698 245 2747 vestimenta
257 2696 334 2745 maris
349 2696 405 2744 dee.

387 2849 547 2856 ———
