1917 3117
401 213 491 250 uana
505 213 538 250 11.
778 210 831 260 325

104 370 281 432 caelatumque
293 385 386 418 novem
398 370 475 417 musis
490 369 569 432 opus!
592 370 678 431 aspice
691 371 809 431 primum,

105 467 202 521 quanto
215 473 273 506 cum
285 458 362 518 fastu,
378 467 476 521 quanto
490 458 622 505 molimine
635 458 730 506 circum

105 554 249 608 spectemus
262 561 368 595 vacuam
379 547 503 595 Romanis
516 548 615 595 vatibus
628 548 733 595 aedem:

56 644 89 684 95
104 650 166 683 mox
178 636 264 694 etiam,
280 636 301 683 si
313 636 380 684 forte
393 650 482 695 vacas,
498 650 606 698 sequere
619 643 644 683 et
656 636 747 698 procul
760 634 827 694 audi,

104 724 165 786 quid
178 725 244 772 ferat
257 733 281 772 et
294 739 345 786 qua
357 738 385 772 re
398 724 446 772 sihi
458 732 544 772 nectat
557 732 663 786 uterque
677 738 809 771 coronam.

104 812 236 861 caedimur
248 820 273 861 et
284 812 391 860 totidem
403 813 488 874 plagis
502 813 674 861 consumimus
687 813 788 860 hostem

103 901 174 948 lento
189 900 317 949 Samnites
330 901 361 947 ad
375 901 473 949 lumina
485 902 569 963 prima
581 901 679 948 duello.

105 989 209 1036 discedo
222 990 334 1036 Alcaeus
348 996 443 1051 puncto
456 989 541 1049 illius3
556 990 600 1037 ille
613 1003 672 1036 meo
686 987 761 1050 quis?

38 1087 89 1126 100
105 1078 163 1141 quis
176 1078 226 1125 nisi
239 1076 430 1124 Callimachus?
442 1077 463 1123 si
476 1078 535 1139 plus
549 1078 689 1139 adposcere
701 1076 779 1136 usus,

104 1167 132 1214 fit
143 1166 311 1213 Mimnermus
324 1173 350 1213 et
363 1166 450 1227 optivo
464 1166 620 1227 cognomine
633 1165 732 1213 crescit.

103 1255 185 1302 multa
197 1254 262 1313 fero,
278 1261 306 1302 nt
317 1255 418 1316 placem
430 1268 512 1316 genus
525 1254 655 1301 imitabile
667 1262 761 1313 vatum,

104 1358 161 1391 cum
174 1343 258 1391 scribo
273 1351 299 1391 et
311 1341 420 1406 supplex
433 1343 523 1406 populi
536 1342 658 1404 suffragia
670 1350 762 1404 capto:

102 1430 179 1489 idem,
196 1431 273 1479 linitis
287 1431 376 1479 studiis
390 1438 416 1478 et
427 1440 513 1480 mente
526 1440 638 1494 recepta,

39 1528 89 1568 tus
105 1521 222 1567 obturem
235 1521 335 1582 patulas
348 1520 445 1582 inpune
457 1521 603 1582 legentibus
616 1520 693 1568 auris.

89 1592 220 1661 (ridentur
231 1609 299 1655 mala
312 1609 355 1669 qui
369 1617 521 1671 conponunt
533 1610 662 1668 carmina3
677 1624 765 1657 verum

104 1695 217 1757 gaudent
229 1696 369 1744 scribentes
383 1703 408 1743 et
420 1696 448 1743 se
460 1704 613 1745 venerantur
625 1705 650 1744 et
662 1699 739 1756 ultro,

104 1785 125 1832 si
139 1792 233 1842 taceas,
250 1783 357 1831 laudant
370 1784 494 1846 quidquid
508 1786 632 1846 scripsere
646 1786 723 1832 beati.

106 1880 132 1920 at
145 1872 189 1935 qui
202 1870 344 1933 legitimum
359 1872 444 1934 cupiet
455 1871 547 1920 fecisse
560 1886 662 1933 poema,

40 1971 88 2011 110
104 1976 162 2008 cum
175 1960 268 2008 tabulis
282 1960 395 2007 animum
408 1960 521 2008 censoris
535 1967 618 2007 sumet
630 1961 746 2020 honesti3

104 2048 217 2108 audebit,
233 2063 408 2111 quaecumque
421 2063 511 2110 parum
525 2048 670 2110 splendoris
683 2048 815 2096 habebunt

103 2145 128 2186 et
141 2137 197 2185 sine
209 2138 325 2199 pondere
339 2144 414 2185 erunt
431 2137 568 2184 ethonore
580 2136 688 2198 indigna
699 2137 823 2196 serentur,

103 2227 182 2275 verba
194 2239 297 2273 movere
309 2226 378 2284 loco,
395 2225 510 2288 quamvis
523 2225 602 2273 invita
614 2225 736 2273 recedant

103 2324 128 2364 et
141 2321 274 2363 versentur
287 2315 370 2362 adhue
382 2314 450 2362 intra
462 2314 605 2377 penetralia
618 2314 729 2374 Vestac3

39 2415 87 2454 115
104 2404 241 2451 obscurata
254 2403 296 2450 diu
309 2403 407 2465 populo
420 2404 504 2451 bonus
517 2410 589 2451 eruet
607 2410 683 2465 atque

102 2491 217 2555 proferet
229 2491 255 2537 in
269 2492 352 2539 lucem
365 2492 485 2553 speciosa
496 2492 622 2539 vocabula
635 2506 727 2549 rerum,

103 2595 170 2643 quac
182 2580 272 2642 priscis
284 2587 427 2628 memorata
440 2579 581 2629 Catonibus
596 2587 672 2642 atque
686 2578 808 2641 Cethegis

102 2682 173 2716 nunc
185 2669 246 2716 situs
259 2669 375 2717 informis
389 2671 482 2732 premit
495 2677 520 2717 et
533 2670 633 2717 deserta
645 2676 770 2728 vetustas3
