1917 3117
389 194 479 233 trualt
494 196 550 234 1111.

96 352 141 401 sed
154 365 208 400 non
220 351 284 400 haec
297 351 358 401 mihi
370 352 416 411 ris,
432 367 480 400 nec
492 352 538 401 tibi
551 354 640 402 talium

48 450 76 490 10
96 456 137 490 res
150 449 190 490 cst
202 448 246 490 aut
258 441 357 489 animus
371 440 520 489 deliciarum
534 457 622 505 egens.

96 531 193 593 gaudes
207 530 377 589 carminibus3
399 530 514 578 carmina
525 545 661 593 possumus

97 620 194 668 donare
207 627 231 667 et
244 618 352 682 pretium
365 620 448 668 dicere
459 619 582 667 muneris.

97 794 151 828 non
163 779 245 827 ineisa
256 780 324 827 notis
336 793 464 827 marmora
475 780 595 843 publicis.

95 882 143 932 per
156 883 222 931 quae
235 868 337 932 spiritus
350 878 375 917 et
388 868 437 916 rita
449 870 515 918 redit
528 870 602 917 bonis

45 966 74 1006 15
96 965 156 1021 post
169 966 277 1007 mortem
290 957 395 1005 ducibus
410 957 475 1021 [non
489 959 585 1007 celeres
598 958 673 1021 fugae

96 1047 256 1110 reiectaeque
268 1055 394 1095 retrosum
406 1046 560 1096 Hannibalis
573 1048 667 1106 minae,

95 1151 150 1185 non
161 1136 281 1185 incendia
294 1136 457 1199 Carthaginis
470 1136 565 1199 inpiae,

96 1227 150 1275 eius
164 1227 207 1289 qui
221 1225 316 1274 domita
328 1239 423 1274 nomen
437 1226 469 1274 ab
483 1226 573 1273 Al'riea

96 1316 207 1364 lucratus
221 1314 317 1379 rediit]‚
333 1316 426 1364 clarius
439 1315 555 1363 indicant

42 1413 73 1453 20
95 1405 184 1453 laudes
198 1419 274 1467 quarn
288 1404 414 1453 Calabrae
426 1404 550 1452 Pierides.
578 1418 660 1467 neque

96 1553 118 1613 'si
131 1564 233 1614 chartae
247 1566 339 1614 sileant
352 1565 422 1628 quod
436 1564 616 1623 benefeceris,

94 1653 240 1703 mercedem
253 1655 351 1703 tuleris.
380 1656 439 1717 quid
453 1655 521 1702 foret
533 1654 596 1702 Iliae

95 1743 270 1806 Mavortisque
282 1759 353 1807 puer,
370 1744 391 1791 si
402 1744 562 1791 taciturnitas

96 1834 211 1882 obstaret
224 1834 319 1882 meritis
332 1833 419 1880 invida
431 1832 550 1880 Romuli?

42 2002 74 2042 25
96 2003 210 2056 ereptum
223 1991 318 2056 Stygiis
332 1992 449 2041 fluctibus
462 1993 578 2041 Aeacum

96 2083 173 2131 virtus
186 2090 211 2131 ct
223 2082 296 2131 suver
308 2091 333 2131 et
345 2082 434 2145 lingua
447 2080 590 2145 potentium

96 2180 182 2221 vatum
196 2172 312 2220 divitibus
327 2179 462 2220 consecrat
474 2171 575 2218 insulis.

98 2261 216 2326 [dignum
229 2261 304 2309 laude
317 2262 397 2309 virum
409 2262 485 2309 Musa
497 2266 565 2308 vetat
577 2258 666 2321 mori]

95 2351 168 2398 caelo
180 2352 256 2399 Musa
270 2352 337 2399 beat.
366 2352 402 2399 sic
414 2350 483 2398 Iovis
497 2348 602 2397 interest

43 2501 73 2543 30
96 2493 190 2557 optatis
204 2493 285 2557 epulis
297 2493 398 2556 inpiger
410 2492 543 2550 Hercules,

94 2584 192 2631 clarum
204 2582 367 2645 Tyndaridae
380 2582 448 2630 sidus
462 2583 495 2629 ab
507 2582 601 2631 infimis

97 2685 203 2734 quassas
216 2672 327 2735 eripiunt
339 2671 493 2735 aequoribus
507 2671 577 2730 ratis,
