<?xml version="1.0" encoding="UTF-8"?>
<!DOCTYPE html PUBLIC "-//W3C//DTD XHTML 1.0 Transitional//EN"
    "http://www.w3.org/TR/xhtml1/DTD/xhtml1-transitional.dtd">
<html xmlns="http://www.w3.org/1999/xhtml" xml:lang="en" lang="en">
 <head>
  <title>
</title>
<meta http-equiv="Content-Type" content="text/html;charset=utf-8" />
  <meta name='ocr-system' content='tesseract 3.04.00' />
  <meta name='ocr-capabilities' content='ocr_page ocr_carea ocr_par ocr_line ocrx_word'/>
</head>
<body>
  <div class='ocr_page' id='page_1' title='image "./opera00haupgoog_0258.png"; bbox 0 0 1917 3117; ppageno 0'>
   <div class='ocr_carea' id='block_1_1' title="bbox 146 217 597 268">
    <p class='ocr_par' dir='ltr' id='par_1_1' title="bbox 146 217 597 268">
     <span class='ocr_line' id='line_1_1' title="bbox 146 217 597 268; baseline 0 -8"><span class='ocrx_word' id='word_1_1' title='bbox 146 217 200 268; x_wconf 69' lang='grc'>234</span> <span class='ocrx_word' id='word_1_2' title='bbox 422 221 597 262; x_wconf 77' lang='lat' dir='ltr'><strong>SATIRARUM</strong></span> 
     </span>
    </p>
   </div>
   <div class='ocr_carea' id='block_1_2' title="bbox 83 357 890 2653">
    <p class='ocr_par' dir='ltr' id='par_1_2' title="bbox 146 357 890 620">
     <span class='ocr_line' id='line_1_2' title="bbox 148 357 890 443; baseline 0.005 -18"><span class='ocrx_word' id='word_1_3' title='bbox 148 393 198 442; x_wconf 89' lang='lat' dir='ltr'>que</span> <span class='ocrx_word' id='word_1_4' title='bbox 209 379 290 441; x_wconf 84' lang='lat' dir='ltr'>megie</span> <span class='ocrx_word' id='word_1_5' title='bbox 301 379 340 427; x_wconf 86' lang='lat' dir='ltr'>his</span> <span class='ocrx_word' id='word_1_6' title='bbox 352 379 449 439; x_wconf 80' lang='lat' dir='ltr'>credes,</span> <span class='ocrx_word' id='word_1_7' title='bbox 458 394 522 442; x_wconf 89' lang='lat' dir='ltr'>puer</span> <span class='ocrx_word' id='word_1_8' title='bbox 528 357 596 428; x_wconf 80' lang='lat' dir='ltr'>liuuc</span> <span class='ocrx_word' id='word_1_9' title='bbox 607 395 656 443; x_wconf 84' lang='lat' dir='ltr'>ego</span> <span class='ocrx_word' id='word_1_10' title='bbox 669 394 762 442; x_wconf 80' lang='lat' dir='ltr'>pervus</span> <span class='ocrx_word' id='word_1_11' title='bbox 770 379 890 429; x_wconf 87' lang='lat' dir='ltr'>Ofellum</span> 
     </span>
     <span class='ocr_line' id='line_1_3' title="bbox 146 467 672 530; baseline 0.002 -14"><span class='ocrx_word' id='word_1_12' title='bbox 146 468 253 530; x_wconf 83' lang='lat' dir='ltr'>integris</span> <span class='ocrx_word' id='word_1_13' title='bbox 267 467 357 530; x_wconf 80' lang='lat' dir='ltr'>opibus</span> <span class='ocrx_word' id='word_1_14' title='bbox 371 468 430 515; x_wconf 87' lang='lat' dir='ltr'>novi</span> <span class='ocrx_word' id='word_1_15' title='bbox 442 482 496 515; x_wconf 88' lang='lat' dir='ltr'>nen</span> <span class='ocrx_word' id='word_1_16' title='bbox 510 469 584 517; x_wconf 82' lang='lat' dir='ltr'>letius</span> <span class='ocrx_word' id='word_1_17' title='bbox 598 484 672 517; x_wconf 81' lang='lat' dir='ltr'>usum</span> 
     </span>
     <span class='ocr_line' id='line_1_4' title="bbox 147 556 776 620; baseline 0.005 -17"><span class='ocrx_word' id='word_1_18' title='bbox 147 570 223 619; x_wconf 81' lang='lat' dir='ltr'>quum</span> <span class='ocrx_word' id='word_1_19' title='bbox 236 570 304 604; x_wconf 88' lang='lat' dir='ltr'>nunc</span> <span class='ocrx_word' id='word_1_20' title='bbox 318 556 417 604; x_wconf 79' lang='lat' dir='ltr'>accisis.</span> <span class='ocrx_word' id='word_1_21' title='bbox 444 557 531 604; x_wconf 81' lang='lat' dir='ltr'>videas</span> <span class='ocrx_word' id='word_1_22' title='bbox 543 565 638 606; x_wconf 79' lang='lat' dir='ltr'>metato</span> <span class='ocrx_word' id='word_1_23' title='bbox 651 559 678 606; x_wconf 89' lang='lat' dir='ltr'>in</span> <span class='ocrx_word' id='word_1_24' title='bbox 691 557 776 620; x_wconf 81' lang='lat' dir='ltr'>agello</span> 
     </span>
    </p>

    <p class='ocr_par' dir='ltr' id='par_1_3' title="bbox 83 644 867 1062">
     <span class='ocr_line' id='line_1_5' title="bbox 83 644 824 707; baseline 0 -15"><span class='ocrx_word' id='word_1_25' title='bbox 83 653 93 693; x_wconf 87' lang='lat' dir='ltr'>t</span> <span class='ocrx_word' id='word_1_26' title='bbox 105 654 131 693; x_wconf 83' lang='grc'>15</span> <span class='ocrx_word' id='word_1_27' title='bbox 147 660 203 693; x_wconf 92' lang='lat' dir='ltr'>cum</span> <span class='ocrx_word' id='word_1_28' title='bbox 218 658 311 707; x_wconf 87' lang='lat' dir='ltr'>pecore</span> <span class='ocrx_word' id='word_1_29' title='bbox 324 651 350 692; x_wconf 88' lang='lat' dir='ltr'>et</span> <span class='ocrx_word' id='word_1_30' title='bbox 362 644 445 707; x_wconf 77' lang='lat' dir='ltr'>gnatis</span> <span class='ocrx_word' id='word_1_31' title='bbox 458 645 550 693; x_wconf 86' lang='lat' dir='ltr'>fortem</span> <span class='ocrx_word' id='word_1_32' title='bbox 563 646 680 694; x_wconf 77' lang='lat' dir='ltr'><strong>mercede</strong></span> <span class='ocrx_word' id='word_1_33' title='bbox 692 646 824 704; x_wconf 84' lang='lat' dir='ltr'>colonum,</span> 
     </span>
     <span class='ocr_line' id='line_1_6' title="bbox 146 733 807 796; baseline 0.002 -16"><span class='ocrx_word' id='word_1_34' title='bbox 146 734 209 782; x_wconf 91' lang='lat' dir='ltr'>‘non</span> <span class='ocrx_word' id='word_1_35' title='bbox 222 734 280 796; x_wconf 85' lang='lat' dir='ltr'>ego&#39;</span> <span class='ocrx_word' id='word_1_36' title='bbox 291 740 439 781; x_wconf 82' lang='lat' dir='ltr'>narrantem</span> <span class='ocrx_word' id='word_1_37' title='bbox 451 733 555 782; x_wconf 89' lang='lat' dir='ltr'>‘temere</span> <span class='ocrx_word' id='word_1_38' title='bbox 568 734 608 782; x_wconf 89' lang='lat' dir='ltr'>edi</span> <span class='ocrx_word' id='word_1_39' title='bbox 622 734 678 783; x_wconf 88' lang='lat' dir='ltr'>lnce</span> <span class='ocrx_word' id='word_1_40' title='bbox 691 733 807 796; x_wconf 80' lang='lat' dir='ltr'>profesta</span> 
     </span>
     <span class='ocr_line' id='line_1_7' title="bbox 147 821 867 884; baseline 0.003 -16"><span class='ocrx_word' id='word_1_41' title='bbox 147 823 283 884; x_wconf 83' lang='lat' dir='ltr'>quicquam</span> <span class='ocrx_word' id='word_1_42' title='bbox 297 829 396 884; x_wconf 80' lang='lat' dir='ltr'>praeter</span> <span class='ocrx_word' id='word_1_43' title='bbox 409 822 466 869; x_wconf 85' lang='lat' dir='ltr'>elue</span> <span class='ocrx_word' id='word_1_44' title='bbox 480 821 597 870; x_wconf 81' lang='lat' dir='ltr'>fumosae</span> <span class='ocrx_word' id='word_1_45' title='bbox 609 837 668 870; x_wconf 89' lang='lat' dir='ltr'>cum</span> <span class='ocrx_word' id='word_1_46' title='bbox 679 823 746 884; x_wconf 88' lang='lat' dir='ltr'>pede</span> <span class='ocrx_word' id='word_1_47' title='bbox 759 836 867 884; x_wconf 80' lang='lat' dir='ltr'><strong>pernae.</strong></span> 
     </span>
     <span class='ocr_line' id='line_1_8' title="bbox 146 910 855 973; baseline 0.003 -16"><span class='ocrx_word' id='word_1_48' title='bbox 146 925 176 957; x_wconf 81' lang='lat' dir='ltr'>ee</span> <span class='ocrx_word' id='word_1_49' title='bbox 188 910 251 958; x_wconf 90' lang='lat' dir='ltr'>mihi</span> <span class='ocrx_word' id='word_1_50' title='bbox 266 924 310 958; x_wconf 87' lang='lat' dir='ltr'>seu</span> <span class='ocrx_word' id='word_1_51' title='bbox 323 911 430 972; x_wconf 85' lang='lat' dir='ltr'>lengum</span> <span class='ocrx_word' id='word_1_52' title='bbox 442 918 501 972; x_wconf 87' lang='lat' dir='ltr'>pest</span> <span class='ocrx_word' id='word_1_53' title='bbox 513 918 613 973; x_wconf 88' lang='lat' dir='ltr'>tempus</span> <span class='ocrx_word' id='word_1_54' title='bbox 631 917 737 959; x_wconf 80' lang='lat' dir='ltr'>venerat</span> <span class='ocrx_word' id='word_1_55' title='bbox 748 911 855 973; x_wconf 83' lang='lat' dir='ltr'><strong>hospes,</strong></span> 
     </span>
     <span class='ocr_line' id='line_1_9' title="bbox 146 999 808 1062; baseline -0.002 -15"><span class='ocrx_word' id='word_1_56' title='bbox 146 1000 197 1048; x_wconf 88' lang='lat' dir='ltr'>eive</span> <span class='ocrx_word' id='word_1_57' title='bbox 211 1012 317 1062; x_wconf 86' lang='lat' dir='ltr'>operum</span> <span class='ocrx_word' id='word_1_58' title='bbox 329 1012 409 1045; x_wconf 86' lang='lat' dir='ltr'>vecuo</span> <span class='ocrx_word' id='word_1_59' title='bbox 423 1010 510 1059; x_wconf 82' lang='lat' dir='ltr'>gratus</span> <span class='ocrx_word' id='word_1_60' title='bbox 524 999 629 1046; x_wconf 86' lang='lat' dir='ltr'>convive</span> <span class='ocrx_word' id='word_1_61' title='bbox 642 1014 688 1061; x_wconf 89' lang='lat' dir='ltr'>per</span> <span class='ocrx_word' id='word_1_62' title='bbox 700 1000 808 1047; x_wconf 87' lang='lat' dir='ltr'>imbrem</span> 
     </span>
    </p>

    <p class='ocr_par' dir='ltr' id='par_1_4' title="bbox 83 1086 887 1503">
     <span class='ocr_line' id='line_1_10' title="bbox 83 1086 774 1149; baseline -0.003 -13"><span class='ocrx_word' id='word_1_63' title='bbox 83 1097 131 1136; x_wconf 68' lang='lat'>120</span> <span class='ocrx_word' id='word_1_64' title='bbox 146 1088 253 1146; x_wconf 88' lang='lat' dir='ltr'>vicinus,</span> <span class='ocrx_word' id='word_1_65' title='bbox 270 1089 335 1136; x_wconf 86' lang='lat' dir='ltr'>bene</span> <span class='ocrx_word' id='word_1_66' title='bbox 348 1093 402 1134; x_wconf 81' lang='lat' dir='ltr'>erat</span> <span class='ocrx_word' id='word_1_67' title='bbox 414 1101 467 1134; x_wconf 90' lang='lat' dir='ltr'>non</span> <span class='ocrx_word' id='word_1_68' title='bbox 481 1086 593 1149; x_wconf 87' lang='lat' dir='ltr'>piscibus</span> <span class='ocrx_word' id='word_1_69' title='bbox 606 1089 669 1136; x_wconf 86' lang='lat' dir='ltr'>urbe</span> <span class='ocrx_word' id='word_1_70' title='bbox 682 1087 774 1149; x_wconf 85' lang='lat' dir='ltr'>petitis,</span> 
     </span>
     <span class='ocr_line' id='line_1_11' title="bbox 146 1175 887 1239; baseline 0 -15"><span class='ocrx_word' id='word_1_71' title='bbox 146 1178 190 1225; x_wconf 90' lang='lat' dir='ltr'>sed</span> <span class='ocrx_word' id='word_1_72' title='bbox 203 1177 275 1239; x_wconf 91' lang='lat' dir='ltr'>pullo</span> <span class='ocrx_word' id='word_1_73' title='bbox 289 1183 364 1238; x_wconf 86' lang='lat' dir='ltr'>etque</span> <span class='ocrx_word' id='word_1_74' title='bbox 376 1175 469 1223; x_wconf 83' lang='lat' dir='ltr'>haedo.</span> <span class='ocrx_word' id='word_1_75' title='bbox 497 1183 551 1223; x_wconf 86' lang='lat' dir='ltr'>tum</span> <span class='ocrx_word' id='word_1_76' title='bbox 568 1175 675 1237; x_wconf 79' lang='lat' dir='ltr'>pensilis</span> <span class='ocrx_word' id='word_1_77' title='bbox 692 1191 741 1223; x_wconf 81' lang='lat' dir='ltr'>uve</span> <span class='ocrx_word' id='word_1_78' title='bbox 757 1177 887 1224; x_wconf 82' lang='lat' dir='ltr'>secundas</span> 
     </span>
     <span class='ocr_line' id='line_1_12' title="bbox 147 1264 732 1326; baseline -0.005 -12"><span class='ocrx_word' id='word_1_79' title='bbox 147 1274 172 1314; x_wconf 89' lang='lat' dir='ltr'>et</span> <span class='ocrx_word' id='word_1_80' title='bbox 185 1280 238 1313; x_wconf 86' lang='lat' dir='ltr'>nux</span> <span class='ocrx_word' id='word_1_81' title='bbox 250 1266 359 1312; x_wconf 78' lang='lat' dir='ltr'>ornabat</span> <span class='ocrx_word' id='word_1_82' title='bbox 371 1278 473 1312; x_wconf 82' lang='lat' dir='ltr'>menses</span> <span class='ocrx_word' id='word_1_83' title='bbox 488 1279 545 1312; x_wconf 89' lang='lat' dir='ltr'>cum</span> <span class='ocrx_word' id='word_1_84' title='bbox 559 1264 661 1326; x_wconf 81' lang='lat' dir='ltr'>duplice</span> <span class='ocrx_word' id='word_1_85' title='bbox 674 1264 732 1312; x_wconf 84' lang='lat' dir='ltr'>ficu.</span> 
     </span>
     <span class='ocr_line' id='line_1_13' title="bbox 145 1353 762 1417; baseline -0.005 -15"><span class='ocrx_word' id='word_1_86' title='bbox 145 1363 205 1417; x_wconf 84' lang='lat' dir='ltr'>poet</span> <span class='ocrx_word' id='word_1_87' title='bbox 217 1354 267 1401; x_wconf 91' lang='lat' dir='ltr'>hoc</span> <span class='ocrx_word' id='word_1_88' title='bbox 279 1353 353 1400; x_wconf 88' lang='lat' dir='ltr'>ludus</span> <span class='ocrx_word' id='word_1_89' title='bbox 367 1361 422 1401; x_wconf 86' lang='lat' dir='ltr'>eret</span> <span class='ocrx_word' id='word_1_90' title='bbox 434 1353 511 1415; x_wconf 83' lang='lat' dir='ltr'>culpe</span> <span class='ocrx_word' id='word_1_91' title='bbox 523 1361 614 1415; x_wconf 83' lang='lat' dir='ltr'>potare</span> <span class='ocrx_word' id='word_1_92' title='bbox 626 1353 762 1415; x_wconf 79' lang='lat' dir='ltr'>magistra3</span> 
     </span>
     <span class='ocr_line' id='line_1_14' title="bbox 146 1439 762 1503; baseline 0.003 -15"><span class='ocrx_word' id='word_1_93' title='bbox 146 1457 176 1489; x_wconf 84' lang='lat' dir='ltr'>ec</span> <span class='ocrx_word' id='word_1_94' title='bbox 189 1448 309 1490; x_wconf 84' lang='lat' dir='ltr'>venerate</span> <span class='ocrx_word' id='word_1_95' title='bbox 322 1439 409 1498; x_wconf 88' lang='lat' dir='ltr'>Ceres,</span> <span class='ocrx_word' id='word_1_96' title='bbox 425 1441 460 1488; x_wconf 84' lang='lat' dir='ltr'>ite</span> <span class='ocrx_word' id='word_1_97' title='bbox 473 1441 558 1488; x_wconf 89' lang='lat' dir='ltr'>culmo</span> <span class='ocrx_word' id='word_1_98' title='bbox 572 1451 686 1503; x_wconf 79' lang='lat' dir='ltr'>surgeret</span> <span class='ocrx_word' id='word_1_99' title='bbox 698 1442 762 1500; x_wconf 83' lang='lat' dir='ltr'>alte,</span> 
     </span>
    </p>

    <p class='ocr_par' dir='ltr' id='par_1_5' title="bbox 85 1529 887 1770">
     <span class='ocr_line' id='line_1_15' title="bbox 85 1529 697 1593; baseline -0.002 -15"><span class='ocrx_word' id='word_1_100' title='bbox 85 1539 131 1579; x_wconf 76' lang='lat'>{25</span> <span class='ocrx_word' id='word_1_101' title='bbox 147 1529 271 1593; x_wconf 83' lang='lat' dir='ltr'>explicuit</span> <span class='ocrx_word' id='word_1_102' title='bbox 282 1529 341 1577; x_wconf 80' lang='lat' dir='ltr'>vino</span> <span class='ocrx_word' id='word_1_103' title='bbox 355 1537 504 1577; x_wconf 79' lang='lat' dir='ltr'>contractae</span> <span class='ocrx_word' id='word_1_104' title='bbox 517 1531 583 1578; x_wconf 86' lang='lat' dir='ltr'>serie</span> <span class='ocrx_word' id='word_1_105' title='bbox 596 1529 697 1577; x_wconf 82' lang='lat' dir='ltr'>frontis.</span> 
     </span>
     <span class='ocr_line' id='line_1_16' title="bbox 146 1618 815 1680; baseline -0.001 -14"><span class='ocrx_word' id='word_1_106' title='bbox 146 1619 243 1667; x_wconf 83' lang='lat' dir='ltr'>saeviet</span> <span class='ocrx_word' id='word_1_107' title='bbox 256 1625 331 1680; x_wconf 86' lang='lat' dir='ltr'>etque</span> <span class='ocrx_word' id='word_1_108' title='bbox 344 1631 425 1666; x_wconf 83' lang='lat' dir='ltr'>nevos</span> <span class='ocrx_word' id='word_1_109' title='bbox 439 1626 541 1665; x_wconf 83' lang='lat' dir='ltr'>moveat</span> <span class='ocrx_word' id='word_1_110' title='bbox 554 1618 667 1667; x_wconf 82' lang='lat' dir='ltr'>Fortuna</span> <span class='ocrx_word' id='word_1_111' title='bbox 679 1619 815 1678; x_wconf 85' lang='lat' dir='ltr'>tumultus3</span> 
     </span>
     <span class='ocr_line' id='line_1_17' title="bbox 146 1705 887 1770; baseline 0.001 -16"><span class='ocrx_word' id='word_1_112' title='bbox 146 1714 269 1770; x_wconf 84' lang='lat' dir='ltr'>quantum</span> <span class='ocrx_word' id='word_1_113' title='bbox 287 1707 347 1754; x_wconf 91' lang='lat' dir='ltr'>hine</span> <span class='ocrx_word' id='word_1_114' title='bbox 365 1705 508 1755; x_wconf 85' lang='lat' dir='ltr'>inminuet?</span> <span class='ocrx_word' id='word_1_115' title='bbox 533 1716 631 1769; x_wconf 86' lang='lat' dir='ltr'>quanto</span> <span class='ocrx_word' id='word_1_116' title='bbox 650 1715 695 1755; x_wconf 82' lang='lat' dir='ltr'>eut</span> <span class='ocrx_word' id='word_1_117' title='bbox 713 1721 762 1769; x_wconf 85' lang='lat' dir='ltr'>ego</span> <span class='ocrx_word' id='word_1_118' title='bbox 781 1708 887 1769; x_wconf 80' lang='lat' dir='ltr'>parcius</span> 
     </span>
    </p>

    <p class='ocr_par' dir='ltr' id='par_1_6' title="bbox 506 1804 614 1852">
     <span class='ocr_line' id='line_1_18' title="bbox 506 1804 614 1852; baseline -0.009 -10"><span class='ocrx_word' id='word_1_119' title='bbox 506 1804 614 1852; x_wconf 80' lang='lat' dir='ltr'>autres,</span> 
     </span>
    </p>

    <p class='ocr_par' dir='ltr' id='par_1_7' title="bbox 145 1883 819 2036">
     <span class='ocr_line' id='line_1_19' title="bbox 146 1883 787 1948; baseline -0.003 -16"><span class='ocrx_word' id='word_1_120' title='bbox 146 1899 161 1932; x_wconf 92' lang='grc' dir='ltr'>ο</span> <span class='ocrx_word' id='word_1_121' title='bbox 175 1884 255 1948; x_wconf 78' lang='lat' dir='ltr'>pueri,</span> <span class='ocrx_word' id='word_1_122' title='bbox 271 1883 389 1940; x_wconf 81' lang='lat' dir='ltr'>nituistis,</span> <span class='ocrx_word' id='word_1_123' title='bbox 406 1893 434 1931; x_wconf 91' lang='lat' dir='ltr'>ut</span> <span class='ocrx_word' id='word_1_124' title='bbox 445 1883 495 1930; x_wconf 88' lang='lat' dir='ltr'>huc</span> <span class='ocrx_word' id='word_1_125' title='bbox 508 1897 588 1930; x_wconf 87' lang='lat' dir='ltr'>novus</span> <span class='ocrx_word' id='word_1_126' title='bbox 601 1884 688 1931; x_wconf 82' lang='lat' dir='ltr'>incola</span> <span class='ocrx_word' id='word_1_127' title='bbox 700 1883 787 1931; x_wconf 77' lang='lat' dir='ltr'>venit?</span> 
     </span>
     <span class='ocr_line' id='line_1_20' title="bbox 145 1972 819 2036; baseline -0.003 -15"><span class='ocrx_word' id='word_1_128' title='bbox 145 1987 206 2021; x_wconf 86' lang='lat' dir='ltr'>nem</span> <span class='ocrx_word' id='word_1_129' title='bbox 219 1974 339 2036; x_wconf 83' lang='lat' dir='ltr'>propriae</span> <span class='ocrx_word' id='word_1_130' title='bbox 352 1972 450 2020; x_wconf 86' lang='lat' dir='ltr'>telluris</span> <span class='ocrx_word' id='word_1_131' title='bbox 463 1985 534 2019; x_wconf 87' lang='lat' dir='ltr'>erum</span> <span class='ocrx_word' id='word_1_132' title='bbox 546 1979 638 2019; x_wconf 76' lang='lat' dir='ltr'>nature</span> <span class='ocrx_word' id='word_1_133' title='bbox 650 1986 734 2033; x_wconf 89' lang='lat' dir='ltr'>neque</span> <span class='ocrx_word' id='word_1_134' title='bbox 745 1972 819 2020; x_wconf 90' lang='lat' dir='ltr'>illum</span> 
     </span>
    </p>

    <p class='ocr_par' dir='ltr' id='par_1_8' title="bbox 83 2060 841 2477">
     <span class='ocr_line' id='line_1_21' title="bbox 83 2060 841 2123; baseline -0.001 -13"><span class='ocrx_word' id='word_1_135' title='bbox 83 2070 130 2111; x_wconf 84' lang='lat'>130</span> <span class='ocrx_word' id='word_1_136' title='bbox 145 2076 193 2110; x_wconf 90' lang='lat' dir='ltr'>nec</span> <span class='ocrx_word' id='word_1_137' title='bbox 206 2077 246 2110; x_wconf 88' lang='lat' dir='ltr'>me</span> <span class='ocrx_word' id='word_1_138' title='bbox 259 2074 307 2109; x_wconf 89' lang='lat' dir='ltr'>nec</span> <span class='ocrx_word' id='word_1_139' title='bbox 319 2075 474 2123; x_wconf 77' lang='lat' dir='ltr'>quemquam</span> <span class='ocrx_word' id='word_1_140' title='bbox 487 2060 588 2108; x_wconf 79' lang='lat' dir='ltr'>statuit:</span> <span class='ocrx_word' id='word_1_141' title='bbox 610 2074 658 2107; x_wconf 88' lang='lat' dir='ltr'>nes</span> <span class='ocrx_word' id='word_1_142' title='bbox 671 2060 768 2122; x_wconf 82' lang='lat' dir='ltr'>expulit</span> <span class='ocrx_word' id='word_1_143' title='bbox 780 2060 841 2121; x_wconf 82' lang='lat' dir='ltr'>ille3</span> 
     </span>
     <span class='ocr_line' id='line_1_22' title="bbox 145 2147 738 2210; baseline -0.002 -13"><span class='ocrx_word' id='word_1_144' title='bbox 145 2150 217 2198; x_wconf 89' lang='lat' dir='ltr'>illum</span> <span class='ocrx_word' id='word_1_145' title='bbox 230 2157 272 2197; x_wconf 86' lang='lat' dir='ltr'>eut</span> <span class='ocrx_word' id='word_1_146' title='bbox 286 2148 411 2210; x_wconf 79' lang='lat' dir='ltr'>nequities</span> <span class='ocrx_word' id='word_1_147' title='bbox 424 2156 468 2195; x_wconf 84' lang='lat' dir='ltr'>eut</span> <span class='ocrx_word' id='word_1_148' title='bbox 480 2147 542 2196; x_wconf 81' lang='lat' dir='ltr'>vafri</span> <span class='ocrx_word' id='word_1_149' title='bbox 554 2148 656 2197; x_wconf 84' lang='lat' dir='ltr'>inscitie</span> <span class='ocrx_word' id='word_1_150' title='bbox 668 2148 738 2205; x_wconf 86' lang='lat' dir='ltr'>iuris,</span> 
     </span>
     <span class='ocr_line' id='line_1_23' title="bbox 145 2236 726 2302; baseline -0.003 -16"><span class='ocrx_word' id='word_1_151' title='bbox 145 2247 302 2302; x_wconf 83' lang='lat' dir='ltr'>postremum</span> <span class='ocrx_word' id='word_1_152' title='bbox 315 2236 428 2298; x_wconf 84' lang='lat' dir='ltr'>expellet</span> <span class='ocrx_word' id='word_1_153' title='bbox 440 2246 508 2285; x_wconf 89' lang='lat' dir='ltr'>certe</span> <span class='ocrx_word' id='word_1_154' title='bbox 520 2236 632 2285; x_wconf 79' lang='lat' dir='ltr'>vivacior</span> <span class='ocrx_word' id='word_1_155' title='bbox 643 2238 726 2286; x_wconf 89' lang='lat' dir='ltr'>heres.</span> 
     </span>
     <span class='ocr_line' id='line_1_24' title="bbox 145 2324 802 2389; baseline -0.003 -14"><span class='ocrx_word' id='word_1_156' title='bbox 145 2342 214 2376; x_wconf 90' lang='lat' dir='ltr'>nunc</span> <span class='ocrx_word' id='word_1_157' title='bbox 226 2341 288 2389; x_wconf 82' lang='lat' dir='ltr'>ager</span> <span class='ocrx_word' id='word_1_158' title='bbox 300 2324 423 2374; x_wconf 86' lang='lat' dir='ltr'>Umbreni</span> <span class='ocrx_word' id='word_1_159' title='bbox 435 2326 483 2373; x_wconf 83' lang='lat' dir='ltr'>sub</span> <span class='ocrx_word' id='word_1_160' title='bbox 496 2326 609 2384; x_wconf 88' lang='lat' dir='ltr'>nominc,</span> <span class='ocrx_word' id='word_1_161' title='bbox 627 2339 709 2388; x_wconf 90' lang='lat' dir='ltr'>nuper</span> <span class='ocrx_word' id='word_1_162' title='bbox 723 2324 802 2374; x_wconf 78' lang='lat' dir='ltr'>Ofelli</span> 
     </span>
     <span class='ocr_line' id='line_1_25' title="bbox 146 2413 794 2477; baseline 0.002 -16"><span class='ocrx_word' id='word_1_163' title='bbox 146 2415 237 2473; x_wconf 88' lang='lat' dir='ltr'>dietus,</span> <span class='ocrx_word' id='word_1_164' title='bbox 254 2415 300 2463; x_wconf 92' lang='lat' dir='ltr'>erit</span> <span class='ocrx_word' id='word_1_165' title='bbox 313 2413 379 2462; x_wconf 90' lang='lat' dir='ltr'>nulli</span> <span class='ocrx_word' id='word_1_166' title='bbox 392 2415 521 2477; x_wconf 88' lang='lat' dir='ltr'>proprius,</span> <span class='ocrx_word' id='word_1_167' title='bbox 537 2413 581 2463; x_wconf 89' lang='lat' dir='ltr'>sed</span> <span class='ocrx_word' id='word_1_168' title='bbox 595 2414 668 2462; x_wconf 90' lang='lat' dir='ltr'>cedet</span> <span class='ocrx_word' id='word_1_169' title='bbox 680 2414 706 2461; x_wconf 90' lang='lat' dir='ltr'>in</span> <span class='ocrx_word' id='word_1_170' title='bbox 719 2429 794 2462; x_wconf 85' lang='lat' dir='ltr'>usum</span> 
     </span>
    </p>

    <p class='ocr_par' dir='ltr' id='par_1_9' title="bbox 84 2502 774 2653">
     <span class='ocr_line' id='line_1_26' title="bbox 84 2502 774 2566; baseline -0.001 -15"><span class='ocrx_word' id='word_1_171' title='bbox 84 2512 131 2553; x_wconf 82' lang='lat'>135</span> <span class='ocrx_word' id='word_1_172' title='bbox 145 2518 214 2550; x_wconf 92' lang='lat' dir='ltr'>nunc</span> <span class='ocrx_word' id='word_1_173' title='bbox 227 2503 297 2561; x_wconf 89' lang='lat' dir='ltr'>mihi,</span> <span class='ocrx_word' id='word_1_174' title='bbox 308 2516 377 2550; x_wconf 88' lang='lat' dir='ltr'>nunc</span> <span class='ocrx_word' id='word_1_175' title='bbox 390 2503 444 2550; x_wconf 82' lang='lat' dir='ltr'>elii.</span> <span class='ocrx_word' id='word_1_176' title='bbox 466 2503 587 2566; x_wconf 79' lang='lat' dir='ltr'>quocirca</span> <span class='ocrx_word' id='word_1_177' title='bbox 598 2503 673 2550; x_wconf 83' lang='lat' dir='ltr'>vivite</span> <span class='ocrx_word' id='word_1_178' title='bbox 685 2502 774 2557; x_wconf 82' lang='lat' dir='ltr'>fortes,</span> 
     </span>
     <span class='ocr_line' id='line_1_27' title="bbox 145 2590 750 2653; baseline -0.002 -16"><span class='ocrx_word' id='word_1_179' title='bbox 145 2590 272 2652; x_wconf 81' lang='lat' dir='ltr'>fortiaque</span> <span class='ocrx_word' id='word_1_180' title='bbox 284 2590 398 2638; x_wconf 79' lang='lat' dir='ltr'>adversis</span> <span class='ocrx_word' id='word_1_181' title='bbox 411 2590 535 2653; x_wconf 87' lang='lat' dir='ltr'>opponite</span> <span class='ocrx_word' id='word_1_182' title='bbox 548 2598 654 2653; x_wconf 86' lang='lat' dir='ltr'>pectore</span> <span class='ocrx_word' id='word_1_183' title='bbox 666 2592 750 2639; x_wconf 79' lang='lat' dir='ltr'>rebus.</span> 
     </span>
    </p>
   </div>
   <div class='ocr_carea' id='block_1_3' title="bbox 0 0 967 3117">
    <p class='ocr_par' dir='ltr' id='par_1_10' title="bbox 0 0 967 3117">
     <span class='ocr_line' id='line_1_28' title="bbox 0 0 967 3117; baseline 0 0"><span class='ocrx_word' id='word_1_184' title='bbox 0 0 967 3117; x_wconf 95' lang='lat' dir='ltr'> </span> 
     </span>
    </p>
   </div>
  </div>
 </body>
</html>
