1917 3117
141 170 195 221 250
419 173 592 213 sarmarum

142 345 196 379 non
210 331 262 379 alia
274 345 351 393 quam
363 345 414 393 qua
425 330 550 392 Byzantia
562 331 645 393 putuit
656 345 727 379 orca.

144 420 193 468 hoc
206 420 249 468 ubi
263 420 398 467 confusum
410 419 486 468 sectis
497 418 621 467 inferbuit
634 420 718 468 herbis

143 507 302 571 Corycioque
315 522 392 556 croco
404 522 521 570 sparsum
533 507 610 566 stetit,
625 508 730 571 insuper
746 508 826 556 addes

143 611 233 660 pressa
243 596 408 646 Venafranae
422 596 491 659 quod
505 597 570 644 baca
581 596 678 644 remisit
691 596 781 645 olivae.

94 694 127 734 'lo
142 686 243 734 Picenis
257 685 351 734 cedunt
363 685 446 748 pomis
458 684 574 733 Tiburtia
586 698 664 731 suco:

142 789 202 822 nam
214 773 281 822 facie
293 782 432 837 praestant.
458 773 586 822 venucula
597 773 718 820 convenit
730 774 804 821 ollis:

143 864 237 911 rectius
249 862 379 911 Albanam
392 862 464 911 fumo
478 861 608 910 duraveris
621 876 705 909 uvam.

142 951 210 998 hanc
223 965 272 1013 ego
285 965 343 999 cum
355 952 439 1010 melis,
455 966 505 1014 ego
517 951 616 1000 faecem
629 950 726 1013 primus
739 957 765 998 et
777 950 853 1008 allec,

143 1040 238 1103 primus
252 1047 278 1088 et
289 1040 406 1088 invenior
419 1040 492 1103 piper
504 1041 591 1088 album
603 1053 661 1087 cum
673 1039 727 1087 sale
739 1038 814 1100 nigro

96 1137 129 1176 75
144 1129 270 1176 incretum
283 1128 352 1191 puris
366 1128 578 1192 circumposuisse
591 1128 693 1176 catillis.

142 1216 245 1265 inmane
258 1224 297 1265 est
308 1216 397 1265 vinum
410 1218 471 1265 dare
484 1217 554 1265 milia
566 1225 640 1265 terna
651 1216 760 1264 macello

143 1313 305 1367 angustoque
317 1318 397 1367 vagos
409 1305 486 1368 piscis
499 1319 609 1368 urguere
622 1305 717 1353 catino.

143 1408 239 1456 magne
250 1400 335 1442 movet
348 1394 482 1442 stomacho
494 1394 607 1452 fastidia,
623 1407 668 1441 seu
680 1406 744 1455 puer
755 1392 839 1440 unctis

143 1481 260 1530 tractavit
271 1482 378 1530 calicem
391 1482 518 1540 manibus,
536 1484 595 1530 dnm
607 1482 688 1529 frusta
700 1481 808 1543 ligurrit,

96 1578 128 1619 80
143 1571 195 1619 sive
208 1570 292 1632 gravis
304 1570 383 1618 veteri
395 1581 522 1619 creterrae
535 1570 609 1618 limus
622 1569 748 1618 adhaesit.

143 1659 234 1707 vilibus
246 1659 274 1706 in
287 1658 382 1721 scopis,
397 1659 423 1706 in
436 1660 546 1721 mappis,
561 1659 588 1706 in
601 1659 679 1706 scobe
693 1667 802 1719 quanars

143 1746 260 1795 consistit
272 1746 405 1808 sumptus?
423 1746 557 1808 neglectis,
572 1746 695 1808 flagitium
711 1746 813 1807 ingens.

143 1842 186 1882 ten
199 1834 299 1897 lapides
311 1834 395 1882 varios
408 1835 534 1882 lutulenta
545 1836 636 1883 radere
648 1834 742 1897 palma,

143 1930 169 1970 et
180 1922 270 1983 Tyrias
284 1924 345 1971 dare
357 1923 452 1971 circum
462 1923 546 1972 inlota
558 1923 650 1970 toralia
663 1922 747 1978 vestis,

98 2019 129 2060 tt
143 2012 252 2060 oblitum
264 2019 361 2074 quanto
374 2026 461 2059 curam
474 2021 654 2073 sumptumque
666 2010 792 2060 nrinorem

144 2100 207 2148 haec
220 2100 340 2159 habeant,
355 2108 428 2148 tanto
442 2099 560 2162 reprendi
573 2100 663 2148 iustius
675 2099 727 2147 illis

142 2203 209 2252 quae
223 2188 271 2236 nisi
285 2188 402 2236 divitibus
415 2198 545 2251 nequeant
557 2188 706 2250 contingere
719 2188 841 2235 mensis?ยน

144 2278 219 2327 docte
233 2277 298 2337 Cati,
313 2292 359 2340 per
373 2277 511 2326 amicitiam
523 2278 645 2340 divosque
657 2285 762 2339 rogatus

144 2366 236 2414 ducere
249 2379 290 2413 mc
303 2366 418 2414 auditum
430 2380 522 2429 perges
536 2379 698 2428 quocumque
710 2376 850 2414 memento.

96 2462 129 2503 90
144 2468 204 2502 nam
218 2453 332 2516 quamvis
345 2455 452 2502 memori
465 2454 562 2503 referas
574 2454 636 2502 mihi
649 2464 753 2517 pectore
766 2463 869 2514 cuncta,

144 2555 197 2589 non
210 2551 296 2591 tamen
308 2543 433 2605 interpres
446 2544 596 2591 tantundem
607 2543 710 2592 iuveris.
737 2543 804 2591 adde

143 2631 240 2678 voltum
253 2630 418 2695 habitumque
429 2631 548 2690 hominis,
559 2646 635 2694 quem
647 2632 774 2681 tavidisse
782 2633 873 2681 beatus
