1917 3117
133 210 168 260 80
423 213 587 253 cantantum

101 380 112 420 ⁵
135 371 187 419 dux
197 370 305 433 inquieti
316 371 433 420 turbidas
446 372 566 432 Hadriae,

133 474 181 508 nec
193 459 352 508 fulminantis
365 474 460 522 magna
471 475 562 510 manas
575 461 658 511 Iovis:

133 549 154 597 si
167 548 262 597 fractus
274 548 404 597 inlabatur
415 549 493 608 orbis,

132 637 281 701 inpavidum
293 636 385 686 ferient
397 639 496 686 ruinae.

132 780 180 828 hac
193 787 246 828 arte
259 780 354 830 Pollux
366 787 391 828 et
403 795 484 843 vagus
495 780 619 829 Hercules

83 877 111 918 te
133 870 218 917 enisus
231 868 296 917 arcis
309 870 392 932 attigit
403 870 507 933 igneas:

133 972 197 1020 quos
210 958 276 1006 inter
287 958 418 1021 Augustus
431 957 582 1006 recumbens

131 1060 260 1110 purpureo
274 1045 344 1094 bibet
357 1061 401 1095 ore
413 1054 510 1096 nectar.

131 1189 179 1237 hac
192 1195 216 1237 te
229 1196 377 1250 merentem,
392 1190 494 1238 Bacche
507 1195 592 1251 pater,
606 1196 666 1239 tuae

130 1291 223 1326 vexere
235 1277 312 1340 tigres
325 1277 432 1326 indocili
442 1280 532 1340 iugum

81 1373 111 1414 15
132 1366 200 1415 collo
213 1365 352 1426 trahentes,
368 1367 416 1415 hac
430 1365 553 1427 Quirinus

130 1454 219 1503 Martis
235 1456 306 1519 equis
319 1457 469 1505 Acheronta
480 1455 556 1518 fugit,

131 1603 232 1661 gratum
244 1597 345 1647 elocuta
358 1598 552 1647 consiliantibus

130 1686 232 1735 lunone
247 1687 318 1735 divis.
339 1687 423 1747 ‘Ilion,
437 1687 507 1735 Ilion

131 1774 215 1824 fatalis
229 1776 393 1839 incestusque
405 1776 483 1825 iudex

17 1907 21 1932 ,
80 1872 111 1913 te
132 1873 157 1913 et
169 1866 260 1913 mulier
272 1865 409 1928 peregrina
421 1866 495 1914 vertit

129 2007 156 2055 in
169 2006 308 2070 pulverem,
324 2022 358 2056 ex
371 2022 422 2070 qua
433 2008 548 2058 destituit
561 2009 624 2057 deos

129 2096 246 2145 mercede
259 2105 335 2160 pacta
347 2097 508 2157 Laomedon,
523 2098 586 2145 mihi

130 2192 267 2248 castaeque
280 2187 427 2235 damnatam
439 2186 571 2235 Minervae

130 2287 188 2322 cum
200 2275 297 2338 populo
311 2283 336 2324 et
349 2255 413 2324 duce
425 2276 599 2324 fraudulento.

79 2422 109 2465 2⁵
129 2415 181 2464 iam
192 2431 240 2467 nec
254 2417 389 2467 Lacaenae
400 2417 521 2480 splendet
533 2417 665 2467 adulterae

129 2503 243 2553 famosus
256 2506 359 2569 hospes,
374 2521 423 2555 nec
435 2507 531 2555 Priami
545 2507 636 2555 domus

131 2593 232 2656 periure
244 2596 368 2658 pugnacis
381 2595 495 2644 Achivos

131 2681 264 2731 Hectoreis
278 2683 369 2747 opibus
382 2683 507 2747 refringit,
