1917 3117
384 238 547 277 GARMINUM

437 574 496 623 VII.

92 805 247 854 Laudabunt
259 806 302 854 alii
316 807 412 854 claram
424 806 545 863 Rhodon,
561 813 605 854 aut
616 806 766 867 Mitylenen,

93 904 136 944 aut
147 895 277 958 Epheson,
294 896 426 944 bimarisve
440 895 556 944 Corinthi

92 985 204 1042 moenia,
220 985 259 1032 vel
272 985 376 1033 Baccho
388 984 491 1033 Thebas
505 984 544 1031 vcl
557 983 681 1045 Apolline
692 982 810 1046 Delphos
858 990 860 994 ’

93 1074 210 1135 insignia,
227 1082 271 1122 aut
283 1074 408 1122 Thessala
420 1073 517 1134 Tempe
528 1088 534 1131 3

61 1225 73 1264 5
94 1223 152 1263 sunt
165 1215 258 1277 quibus
273 1230 352 1263 unum
366 1229 431 1277 opus
450 1223 487 1261 est
499 1214 608 1261 intactae
620 1212 734 1260 Palladis
752 1214 842 1276 urbem

94 1305 205 1351 cannine
218 1312 340 1365 perpetuo
354 1303 484 1351 celebrare
497 1309 520 1349 et

92 1392 206 1453 undique
219 1392 363 1455 decerptam
376 1391 455 1439 fronti
467 1403 627 1453 praeponere
640 1390 749 1451 olivam;
839 1408 841 1412 ·

94 1481 218 1543 plurimus
232 1481 258 1527 in
270 1479 377 1528 Iunonis
391 1480 490 1527 honore

94 1630 182 1684 aptum
194 1621 261 1669 dicet
273 1622 344 1684 equis
356 1622 442 1684 Argos
456 1622 564 1683 ditisque
576 1623 715 1683 Mycenas:

44 1718 73 1758 10
93 1723 134 1758 me
146 1724 230 1772 neque
242 1718 295 1758 tam
307 1711 404 1772 patiens
417 1710 598 1759 Lacedaemon

92 1807 206 1847 nectam
218 1799 323 1848 Larisae
335 1800 459 1862 percussit
472 1814 576 1862 campus
590 1800 692 1862 opimae

94 1904 171 1951 quam
185 1889 275 1936 domus
287 1888 423 1936 Albuneae
436 1889 580 1937 resonantis

94 2037 117 2079 et
130 2044 254 2093 praeceps
267 2031 336 2078 Anio
349 2045 379 2078 ac
392 2030 500 2079 Tiburni
512 2032 585 2079 lucus
599 2040 623 2080 ct
636 2032 687 2078 uda

93 2119 230 2167 mobilibus
244 2120 359 2182 pomaria
371 2120 439 2168 rivis.

93 2208 168 2256 albus
182 2216 208 2256 ut
221 2208 331 2256 obscuro
345 2210 457 2270 deterget
469 2209 557 2256 nubila
570 2209 643 2257 caelo

44 2304 73 2345 1¹5
94 2311 172 2359 saepe
183 2304 260 2345 notus
273 2311 356 2359 neque
369 2298 474 2359 parturit
486 2297 574 2345 imbris

94 2444 226 2501 perpetuo,
242 2438 278 2485 sic
289 2446 317 2487 tu
329 2439 430 2501 sapiens
444 2439 517 2486 finire
529 2449 655 2488 memento

92 2526 218 2575 tristitiam
230 2527 345 2590 vitaeque
358 2528 460 2576 labores

92 2617 174 2676 molli,
189 2616 294 2676 Plance,
309 2631 389 2675 merc,
404 2631 449 2665 seu
461 2625 486 2665 te
499 2617 624 2680 fulgentia
636 2619 715 2681 signis

8 2737 9 2740 =
43 2713 73 2755 20
94 2714 177 2755 castra
189 2714 278 2756 tenent
294 2720 338 2754 seu
352 2707 432 2755 densa
443 2707 539 2755 tenebit
