1917 3117
119 191 172 241 204
395 191 569 229 sarmarum

120 350 197 398 virtus
210 360 288 412 atque
300 349 400 397 animus
413 349 484 396 cenis
496 354 633 410 responsat
645 346 756 410 opimis?

119 439 270 501 obsequium
283 438 377 486 ventris
390 438 452 484 mihi
464 436 633 498 perniciosius
646 444 685 484 est
697 434 761 483 cur?

57 537 104 577 lot
119 536 191 590 tergo
205 528 304 590 plector
317 528 393 574 enim.
423 527 465 587 qui
478 534 507 573 tu
518 525 668 587 impunitior
680 525 735 584 illa,

120 629 186 679 quae
198 629 276 679 parvo
291 615 355 661 sumi
368 622 506 676 nequeunt.
522 613 633 660 obsonia
645 611 750 674 captas?

118 718 211 767 nempe
223 705 412 751 inamarescunt
424 702 515 765 epulae
529 703 584 749 sine
597 703 648 749 fine
661 701 765 764 petitae,

118 792 246 854 inlusique
259 792 336 854 pedes
349 791 467 838 vitiosum
478 790 546 838 ferre
559 798 680 839 recusant

119 894 221 943 corpus.
248 894 282 926 an
296 879 337 926 hic
349 886 448 942 peccat,
463 880 512 926 sub
525 887 628 926 noctem
641 877 685 940 qui
698 892 762 940 puer
773 893 849 926 uvam

56 977 64 1016 1
76 976 104 1016 to
119 968 211 1017 furtiva
222 975 304 1015 mutat
316 967 426 1029 strigili?
446 968 490 1029 qui
504 968 610 1030 praedia
622 967 717 1025 vendit,

118 1057 154 1105 nil
168 1057 258 1104 servile
270 1057 346 1117 gulae
359 1071 451 1118 pareus
464 1056 559 1104 habet?
578 1057 645 1104 adde
658 1056 728 1118 quod
741 1055 810 1103 idem

119 1160 171 1193 uon
185 1146 274 1193 horam
285 1153 369 1193 tecum
382 1159 437 1193 essc
450 1153 533 1207 potes,
549 1159 602 1193 non
615 1145 668 1192 otia
679 1152 748 1192 recte

118 1248 223 1298 ponere,
238 1241 315 1296 teque
326 1234 411 1296 ipsum
423 1234 487 1282 vitas
500 1234 620 1294 fugitivus
634 1241 659 1281 et
672 1247 738 1292 erro,

117 1323 169 1371 iam
181 1323 240 1370 vino
255 1336 390 1384 quaerens,
405 1323 456 1369 iam
470 1336 562 1370 somno
575 1321 666 1369 lallare
679 1335 781 1380 curam3

57 1420 104 1461 115
118 1412 227 1460 frustra:
240 1425 302 1458 nam
308 1426 394 1459 comes
402 1420 458 1459 atra
464 1411 556 1473 premit
565 1410 730 1472 sequiturque
736 1410 878 1471 fugacem?

119 1501 187 1548 unda
211 1499 273 1546 mihi
297 1500 428 1562 lapidem?
458 1499 595 1560 ‘quorsum
620 1506 659 1546 est
684 1497 775 1560 opus?¹
805 1499 878 1546 unde

479 1586 602 1648 sagittas?

119 1676 171 1723 ‘aut
182 1675 278 1725 insanit
290 1676 367 1724 homo
381 1683 424 1723 aut
436 1690 523 1724 vorsus
535 1675 617 1723 facit)
640 1675 712 1722 ocius
725 1675 785 1723 hinc
797 1683 825 1723 te

119 1764 145 1811 ni
158 1764 235 1826 rapis,
251 1765 357 1813 accedes
370 1779 449 1826 opera
461 1779 524 1826 agro
538 1779 608 1812 nona
621 1762 729 1812 Sabino.

401 1952 562 1959 --..

444 2138 516 2186 VIII.

118 2296 154 2345 Ut
165 2297 297 2346 Nasidieni
310 2298 371 2346 iuvit
384 2308 409 2345 te
421 2311 485 2345 cena
498 2298 584 2346 beati?

119 2399 180 2433 nam
192 2387 253 2434 mihi
266 2388 398 2435 convivam
411 2387 543 2449 quaerenti
557 2387 637 2434 dictus
651 2387 711 2434 here
723 2386 777 2434 illic

119 2473 151 2520 da
164 2474 249 2522 medio
262 2483 351 2537 potare
362 2475 413 2522 die.
440 2475 526 2521 ‘sicut
540 2475 601 2522 mihi
614 2489 755 2536 numquam

118 2561 145 2608 in
159 2560 211 2608 vita
223 2561 299 2610 fuerit
310 2563 421 2610 melius.'
446 2563 495 2621 dic,
511 2564 532 2610 si
545 2578 620 2625 grave
632 2577 686 2611 non
698 2571 746 2621 est,

9 2706 10 2711 ¹
91 2659 103 2695 5
119 2662 184 2710 quae
197 2650 278 2711 prima
290 2651 382 2698 iratum
395 2659 509 2698 ventrem
526 2651 665 2713 placavcrit
677 2665 745 2699 esca.
