1917 3117
410 217 548 256 POETICA.
790 214 842 264 347

119 372 249 423 offendam
260 373 287 421 in
300 374 375 436 nugis
382 373 403 422 ?²
419 375 469 423 hae
481 389 567 436 nugae
580 374 645 422 seria
657 374 751 421 ducent

117 463 145 510 in
157 463 226 510 mala
239 463 349 511 derisum
362 463 441 512 semel
454 472 638 525 exceptumque
655 462 765 510 sinistre.

117 560 146 598 ut
157 551 226 599 mala
238 566 315 614 quem
327 553 427 600 scabies
440 558 484 599 aut
496 552 600 599 morbus
614 550 698 612 regius
712 558 803 612 urguet

117 647 161 687 aut
172 639 297 687 fanaticus
312 654 383 687 error
395 648 419 688 et
430 640 555 689 iracunda
567 639 661 697 Diana,

54 735 104 776 455
118 742 241 776 vesanum
253 728 368 788 tetigisse
380 729 470 776 timent
483 728 635 789 fugiuntque
647 735 751 790 poetam

119 815 162 877 qui
174 816 290 877 sapiunt:
312 817 411 877 agitant
424 817 496 879 pueri
508 816 655 878 incautique
668 822 817 877 sequuntur.

119 903 160 950 hic
174 903 234 950 dum
247 904 361 952 sublimis
375 919 462 953 versus
475 911 589 952 ructatur
604 911 629 952 et
641 910 717 961 errat,

119 992 140 1038 si
152 992 230 1039 veluti
242 993 344 1040 merulis
356 993 469 1041 intentus
484 991 578 1040 decidit
591 1006 686 1054 auceps

118 1080 145 1127 in
158 1086 262 1142 puteum
274 1080 413 1139 foveamve,
429 1081 489 1129 licet
501 1081 658 1128 ‘succurrite'
671 1081 778 1142 longum

54 1176 104 1217 450
119 1168 212 1216 clamet
223 1168 257 1215 ‘io
271 1168 359 1227 cives‚²
371 1183 423 1216 non
438 1170 470 1217 sit
482 1169 525 1232 qui
537 1169 629 1217 tollere
642 1176 722 1216 curet.

118 1257 139 1305 si
153 1264 224 1305 curet
236 1257 292 1319 quis
306 1272 382 1320 opem
395 1257 461 1306 serre
474 1266 500 1305 et
513 1257 644 1305 demittere
656 1256 752 1316 funem,

116 1345 169 1408 ‘qui
182 1346 231 1394 scis
245 1360 278 1393 an
291 1347 403 1409 prudens
423 1346 472 1394 huc
486 1360 512 1393 se
525 1345 661 1408 proieceris
673 1353 750 1408 atque

116 1435 211 1482 servari
226 1435 318 1484 nolit?
337 1436 429 1494 dicam,
445 1433 579 1498 Siculique
593 1442 685 1497 poetae

117 1524 227 1571 narrabo
240 1523 379 1572 interitum.
408 1524 469 1572 deus
483 1524 626 1571 inmortalis
639 1522 728 1571 haberi

52 1619 103 1660 465
119 1611 178 1658 dum
191 1612 260 1673 cupit
272 1610 452 1673 Empedocles,
468 1612 601 1660 ardentem
613 1611 720 1674 frigidus
732 1611 844 1659 Aetnam

116 1699 224 1746 insiluit.
253 1699 286 1746 sit
299 1700 338 1746 ius
351 1700 477 1763 liceatque
491 1701 575 1763 perire
588 1701 681 1762 poetis.

117 1787 223 1834 invitum
236 1787 279 1849 qui
292 1795 388 1846 servat,
403 1789 471 1835 idem
484 1788 545 1836 facit
558 1788 694 1836 occidenti.

116 1889 165 1922 nec
178 1875 257 1923 semel
269 1875 319 1923 hoc
334 1874 403 1934 fecit,
419 1889 466 1922 nec
479 1876 501 1922 si
514 1883 638 1924 retractus
652 1875 700 1923 erit
711 1875 770 1933 iam,

117 1964 160 2012 fiet
171 1964 250 2011 homo
264 1971 290 2011 et
302 1971 382 2026 ponet
394 1964 511 2012 famosae
523 1963 611 2011 mortis
624 1977 747 2011 amorem.

51 2061 102 2102 470
118 2066 166 2100 nec
179 2052 240 2101 satis
254 2052 361 2114 adparet
374 2066 419 2099 cur
432 2067 519 2099 versus
532 2051 644 2111 factitet3
666 2059 750 2098 utrum

116 2141 237 2188 minxerit
250 2140 277 2187 in
290 2140 388 2203 patrios
401 2141 508 2198 cineres,
524 2155 558 2188 an
571 2140 641 2188 triste
654 2140 768 2188 bidental

116 2228 224 2278 movetis
236 2229 363 2277 incestus:
385 2236 452 2277 certe
464 2229 533 2289 furit,
549 2244 579 2277 ac
591 2230 660 2278 velut
672 2244 753 2288 ursus,

117 2318 232 2366 obiectos
246 2332 338 2367 caveae
351 2318 429 2367 valuit
441 2319 462 2366 si
475 2318 595 2380 frangere
610 2319 731 2377 cletham,

8 2420 10 2447 ι
116 2407 248 2455 indoctum
262 2408 416 2470 doctumque
429 2407 502 2471 fugat
515 2409 635 2456 recitator
648 2408 770 2467 aaerbus;

46 2504 101 2545 455
116 2511 192 2558 quem
204 2511 264 2544 vero
278 2497 391 2560 arripuit,
407 2505 477 2545 tenet
491 2496 637 2560 occiditque
649 2497 769 2560 legendo,

116 2599 170 2633 non
183 2585 292 2633 missura
304 2594 396 2646 cutem,
412 2586 461 2634 nisi
476 2588 553 2649 plena
566 2587 672 2646 cruoris,
687 2587 788 2635 hirudo.
