1917 3117
379 170 469 207 LIBER
480 170 513 206 11.
755 164 809 214 319

86 327 145 374 lena
157 325 298 373 Tarentino
313 325 392 373 violas
405 324 504 373 imitata
515 338 626 371 veneno.

85 428 115 461 ac
128 428 160 462 nc
173 414 240 462 forte
253 421 326 476 putes
339 428 389 472 me,
405 427 471 475 quae
485 412 570 460 faeere
581 412 638 473 ipse
650 425 773 469 recusem,

86 517 142 550 curu
154 510 222 550 recte
234 510 345 550 tractent
358 502 410 559 alii,
426 502 532 549 laudare
544 499 673 561 maligne,

19 600 70 641 210
84 592 128 640 ille
141 606 186 653 per
198 599 329 639 extentum
342 590 430 638 funem
443 591 504 638 mihi
516 604 594 652 posse
606 588 705 637 videtur

83 681 119 728 ire
131 689 216 742 poeta,
230 694 315 727 meum
328 680 371 741 qui
384 687 473 742 peetus
486 679 597 734 inaniter
609 679 689 740 angit,

83 769 178 827 inritat,
193 768 295 826 mulcet,
311 768 383 816 falsis
395 769 534 816 terroribus
547 768 636 830 inplet,

83 864 111 903 ut
121 870 221 917 magus,
236 866 261 903 et
271 856 349 902 modo
362 870 404 902 me
410 855 516 914 Thebis,
526 857 604 903 modo
616 856 690 917 ponit
701 856 820 904 Athenis.

84 959 169 992 verum
181 959 229 1005 age
242 944 328 1002 ethis,
346 943 428 1005 quise
441 944 532 992 lectori
545 944 648 992 credere
660 945 761 993 malunt

16 1042 69 1083 111
85 1047 160 1095 quam
174 1032 325 1095 spectatoris
338 1032 441 1080 fastidia
458 1032 526 1080 ferre
538 1033 649 1095 superbi,

83 1136 170 1168 curem
182 1122 261 1169 redde
274 1121 385 1180 brevem,
401 1122 423 1169 11
435 1136 528 1168 munus
540 1122 666 1184 Apolline
682 1120 788 1183 dignum

82 1209 119 1256 vis
133 1209 253 1272 conplere
268 1209 339 1256 libris
353 1217 379 1257 et
390 1210 489 1258 vatibus
503 1210 597 1258 addere
609 1210 702 1267 calcar,

84 1306 111 1345 ut
125 1298 208 1345 studio
221 1298 318 1345 maiore
330 1306 419 1360 petant
431 1298 559 1347 Helieone
570 1298 701 1346 virentem.

84 1387 164 1435 multa
176 1387 279 1449 quidem
290 1387 366 1435 nobis
379 1387 488 1435 facimus
500 1388 569 1435 mala
581 1401 659 1449 saepe
672 1394 763 1449 poetae

15 1483 68 1524 220
84 1474 123 1538 (ut
135 1475 220 1524 tu'nete
232 1483 334 1538 egomet
346 1476 452 1524 caedam
463 1475 544 1537 mee),
560 1490 617 1523 cum
630 1475 676 1523 tibi
690 1475 783 1524 librum

84 1564 193 1611 sollicito
208 1565 296 1611 damus
309 1572 353 1612 eut
365 1564 450 1624 fess03
471 1580 529 1612 cum
542 1563 675 1623 laedimur,
691 1579 771 1611 unum

83 1652 162 1714 siquis
175 1652 315 1699 amicorum
328 1660 368 1700 111
379 1667 456 1699 ausus
469 1653 623 1715 reprendere
636 1666 750 1712 versum3

84 1755 142 1787 cum
154 1739 276 1787 luceium
288 1740 395 1787 recitata
407 1740 559 1788 revolvimus
571 1741 726 1800 inrevocati3

83 1843 142 1876 eum
155 1828 332 1886 lamentamur,
348 1842 403 1875 nou
416 1828 541 1890 adparere
553 1829 656 1876 labores

15 1927 67 1969 225
83 1924 185 1964 nostros
199 1924 224 1964 et
235 1916 306 1964 tenui
320 1917 430 1965 deducta
441 1924 562 1979 poemata
574 1917 618 1964 filo
629 1933 635 1974 3

83 2020 141 2053 eum
154 2019 285 2067 speramus
298 2020 330 2053 eo
343 2020 397 2053 rem
410 2012 542 2053 venturam
554 2012 589 2063 ut,
604 2003 680 2051 simul
693 2010 770 2066 atque

83 2093 198 2141 carmina
210 2093 326 2143 rescieris
338 2109 387 2142 uos
401 2094 507 2156 fingere,
523 2091 672 2139 commodus
685 2093 753 2140 ultro

83 2197 199 2230 arcessas
213 2192 237 2230 et
250 2197 327 2245 egere
339 2191 409 2231 vetes
422 2191 447 2231 et
459 2182 571 2229 seribere
584 2195 677 2242 cogas:

83 2271 128 2318 sed
142 2280 227 2320 tamen
240 2280 279 2320 111
292 2286 386 2335 operae
399 2272 509 2334 pretium
520 2284 689 2333 cognoscere,
704 2270 787 2332 qualis

15 2368 67 2410 2³0
83 2360 201 2408 aedituos
214 2360 309 2410 habeat
322 2362 382 2410 belli
395 2368 512 2423 spectata
525 2360 646 2422 domique

83 2448 170 2508 virtus,
186 2449 293 2512 indiguo
307 2466 360 2498 non
374 2448 557 2497 committenda
569 2455 670 2510 poetae.

83 2544 171 2599 gratus
183 2538 334 2586 Alexandro
347 2539 400 2600 regi
413 2552 509 2599 magno
522 2537 570 2584 fuit
581 2537 627 2585 ille

84 2624 228 2685 Choerilus,
243 2626 345 2675 incultis
360 2626 403 2689 qui
415 2626 529 2675 versibus
542 2633 568 2674 et
578 2625 647 2673 male
659 2624 726 2674 natis
