1917 3117
405 193 579 231 summm

463 508 522 557 VH.

130 704 282 752 ‘Iandudum
294 703 411 751 ausculto
425 711 449 752 et
461 703 567 766 cupiens
581 703 627 752 tibi
640 704 723 752 dicere
736 717 822 751 sortus

131 806 214 855 pauca
226 792 386 840 reformido-¹
404 790 543 840 Davusne?
563 792 615 851 itu,
630 791 727 851 Davus,
743 792 854 840 urnicurn

130 880 285 942 mancipium
299 881 403 928 domino
417 889 442 928 ct
454 880 522 943 frugi
535 882 605 943 qnod
618 881 734 939 situatis,
750 880 800 928 hoc
813 888 861 937 cst,

132 977 160 1016 ut
171 970 247 1017 vitclc
260 969 355 1031 pntcs.'
379 983 437 1030 ugo,
454 969 571 1017 libcrtctc
585 968 725 1026 decembri,

104 1069 117 1107 5
133 1059 236 1120 quando
249 1057 285 1105 itu
296 1057 407 1105 maiores
421 1057 565 1115 volucrunt,
579 1066 660 1115 utere,
676 1071 761 1104 narra.

130 1147 199 1210 ‘pars
213 1146 346 1194 hominum
358 1146 425 1194 vitiis
439 1145 534 1208 gaudet
546 1153 697 1194 constanter
709 1153 735 1193 et
747 1154 839 1206 urguet

132 1236 301 1297 propositum,
312 1249 371 1296 pars
381 1235 462 1283 muita
472 1242 551 1294 nutat,
560 1235 638 1283 modo
645 1242 871 1296 rectaccpcssens‚

131 1323 259 1370 interdum
271 1323 354 1385 pravis
369 1324 491 1371 obnoxia.
518 1338 595 1386 saepo
608 1331 711 1370 notatus

132 1424 190 1457 cum
202 1410 281 1457 tribus
295 1410 396 1469 sncllis,
412 1412 491 1458 modo
505 1413 578 1460 laeva
590 1412 691 1459 Priscus
704 1410 785 1469 inani,

89 1506 117 1546 10
132 1498 195 1545 vixit
206 1498 358 1559 inaequalis,
374 1499 474 1547 clarum
487 1509 515 1547 ut
528 1508 636 1548 mutaret
652 1500 679 1547 in
692 1500 779 1558 horus,

132 1586 238 1634 aedibus
252 1600 285 1633 cx
297 1587 399 1649 mugnis
412 1588 496 1635 subito
509 1602 537 1635 sc
551 1588 682 1646 condcrct,
695 1589 765 1636 unde

131 1675 252 1722 mundior
265 1675 347 1724 exiret
359 1675 401 1722 vix
414 1675 549 1724 libertinus
562 1676 678 1735 honesto,

132 1763 183 1810 iam
196 1765 317 1812 moechus
330 1765 436 1824 Romnc,
452 1765 504 1812 inm
515 1765 605 1813 mullet
618 1766 707 1813 doctus
719 1764 830 1813 Athonis

132 1852 224 1912 vivore,
240 1853 388 1901 Vertumnis
402 1860 531 1916 quotquot
544 1861 607 1901 sunt
617 1861 693 1902 nutus
706 1853 809 1914 iniquis.

89 1949 118 1989 15
133 1956 220 1989 scurra
233 1942 396 2000 Volumnius,
413 1950 551 2004 postquam
562 1943 600 1991 illi
613 1943 680 1990 iustu
692 1942 815 2004 cheragra

133 2031 249 2079 contudit
262 2031 391 2089 articulos,
407 2031 449 2092 qui
463 2045 509 2094 pro
523 2045 551 2078 se
564 2031 665 2080 tolleret
676 2038 753 2093 atquc

132 2119 243 2168 mitteret
255 2120 282 2166 in
296 2119 410 2182 phimum
422 2119 498 2177 talos,
517 2120 634 2169 mercede
646 2120 737 2168 diurno

133 2209 289 2257 conductum
302 2208 384 2269 pcvit3
408 2215 504 2269 quanto
518 2209 679 2256 constantior
689 2207 771 2255 isdem

132 2296 159 2343 in
172 2295 247 2354 vitiis,
262 2303 335 2343 tanto
348 2296 427 2344 levius
440 2297 519 2344 miser
531 2311 561 2344 uc
575 2296 645 2359 prior
656 2297 710 2355 ille,

87 2392 118 2433 20
134 2384 177 2447 qui
189 2384 241 2431 ium
254 2392 386 2443 contento,
401 2386 453 2431 ium
465 2384 528 2432 laxo
541 2383 603 2432 func
616 2383 736 2431 laborat)

133 2488 186 2522 non
202 2473 270 2521 dicos
283 2473 360 2521 hodic
372 2487 495 2536 quorsum
508 2473 572 2520 huec
585 2482 639 2521 tum
651 2471 740 2535 putidc
752 2471 872 2530 tendunt,

132 2562 256 2610 furcifer?
266 2562 307 2610 ‘cd
314 2570 348 2621 tc,
357 2563 484 2625 inquam.³
497 2577 549 2624 quo
557 2569 644 2624 pacto,
654 2560 780 2624 pessime?
792 2561 892 2609 ‘laudas

134 2650 264 2699 fortunam
277 2657 302 2698 et
313 2665 397 2699 mores
412 2651 535 2713 antiquae
547 2650 638 2712 plebis,
649 2658 675 2698 ct
686 2650 762 2707 idem,
