1917 3117
400 181 491 221 LIBER
503 183 524 220 1.

101 352 249 401 cognomen
259 345 342 387 vertas
354 337 381 385 iu
394 337 472 386 risum
485 347 510 387 ot
522 338 610 387 fabula
622 339 677 386 fias.

52 435 85 474 10
99 427 196 475 viribus
208 426 285 476 uteris
298 438 345 490 per
357 425 447 484 clivos,
463 425 577 485 flumina,
592 425 683 474 lamas.

99 515 183 563 vietor
195 515 321 578 propositi
333 515 408 563 simul
421 527 451 562 ao
463 514 610 577 perveneris
622 514 693 573 illue,

100 603 137 651 sie
149 603 262 666 positum
274 603 387 652 servabis
401 617 476 662 onus,
491 617 525 651 ue
537 602 604 652 forte
616 604 663 651 sub
677 603 719 651 ala

96 689 246 741 fasciculum
259 699 345 754 portes
359 691 482 741 librorum
494 699 522 739 ut
533 691 640 739 mstious
653 705 758 753 agnum,

98 787 128 828 ut
141 779 232 829 vinoso
240 780 343 841 glomus
356 779 463 829 furtivae
474 779 583 840 Pyrrhia
594 780 680 838 lanae,

52 876 84 917 15
99 875 128 916 ut
140 881 198 915 eum
210 867 306 930 pileolo
320 868 404 917 soleas
415 868 525 916 conviva
537 867 645 916 tribulis.

100 971 134 1005 ns
147 955 224 1017 volgo
237 970 324 1004 narres
337 964 362 1004 ts
376 956 508 1004 sudavisse
520 955 628 1004 ferendo

100 1044 216 1093 earmina
227 1058 292 1105 quae
306 1045 407 1106 possint
419 1045 509 1092 oeulos
521 1044 641 1106 aurisque
653 1045 748 1092 morari

101 1131 232 1191 Caesarie·
244 1139 330 1180 oratus
343 1133 424 1180 multa
435 1146 521 1194 prece3
536 1132 626 1182 nitere.
653 1147 731 1196 porro

100 1221 174 1279 vade,
190 1220 262 1268 vale:
284 1233 346 1269 oeve
359 1233 392 1267 ne
404 1220 497 1269 titubas
509 1221 681 1283 mandataque
693 1221 810 1282 frangas.

417 1590 504 1638 xlm.

12 1754 13 1763 ¹
99 1748 185 1796 Vilice
198 1748 320 1797 silvarum
333 1756 358 1797 ot
370 1748 433 1796 mihi
444 1762 487 1797 me
498 1749 629 1797 reddentis
641 1749 728 1812 agelli,

101 1851 177 1899 quem
189 1844 217 1884 tu
230 1836 331 1884 fastidis
344 1836 488 1885 habitstum
501 1836 615 1898 quinque
626 1836 691 1885 iocis
705 1844 731 1887 et

100 1925 214 1987 quinque
226 1926 310 1973 bonos
323 1924 426 1973 solitum
438 1923 545 1972 Variam
558 1925 685 1973 dimittere
697 1932 797 1987 patres,

100 2020 235 2072 certemus,
249 2013 337 2075 spinas
350 2012 471 2061 animone
484 2027 534 2074 ogo
547 2013 638 2061 fortius
651 2027 685 2062 an
698 2021 726 2060 tu

72 2111 86 2149 5
98 2102 192 2151 evellas
206 2115 278 2163 agro,
294 2108 320 2148 et
331 2100 425 2149 melior
436 2099 469 2148 sit
481 2100 603 2149 Horatius
615 2116 649 2148 au
662 2115 711 2150 res.

99 2203 140 2237 me
154 2189 268 2251 quamvis
281 2189 387 2238 Lamiae
400 2189 482 2252 pietas
495 2196 520 2238 et
532 2203 593 2237 oura
605 2197 729 2247 moretur,

99 2276 202 2326 fratrem
214 2278 359 2335 maerentis,
374 2285 448 2338 rapto
462 2277 496 2324 de
507 2277 585 2326 fratre
599 2277 710 2326 dolentis

98 2365 276 2426 insolabiliter,
292 2374 377 2415 tamen
389 2365 455 2414 istuc
467 2379 540 2414 mens
554 2365 705 2429 animusque

99 2453 147 2502 fert
160 2466 185 2501 et
197 2462 266 2503 amat
278 2453 367 2516 spatiis
380 2453 511 2502 obstantia
523 2469 640 2517 rumpere
653 2455 779 2504 claustra.

58 2550 88 2591 ιο
102 2555 161 2590 rure
173 2555 221 2604 ego
235 2543 369 2600 viventem,
385 2551 412 2591 tu
425 2542 489 2592 diois
501 2543 528 2591 in
541 2544 604 2593 urbe
617 2545 729 2593 beatum.

99 2628 139 2676 oui
151 2628 236 2691 placet
248 2631 361 2691 alterius,
377 2645 424 2679 sua
436 2632 557 2681 nimirum
570 2641 608 2680 est
621 2633 681 2681 odio
694 2647 763 2681 sors.
