1917 3117
344 489 375 568 o.
395 490 532 557 sonim
551 490 670 557 sileo

237 637 259 730 S
295 633 329 727 ll
365 638 392 728 l
427 639 444 728 Ι
480 639 512 729 ll
547 637 579 727 Α
615 639 647 729 ll
683 639 712 729 U
747 639 781 729 ll

367 848 455 886 LIBER
472 847 640 887 SECUNDUS.

494 1004 515 1051 Ι.

143 1145 209 1195 Sunt
221 1147 313 1209 quibus
326 1147 352 1194 in
366 1146 443 1194 satim
455 1146 542 1193 videor
555 1146 629 1193 nimis
642 1161 702 1194 acer
715 1155 741 1195 ot
753 1148 821 1196 ultra

143 1237 227 1298 legem
239 1235 345 1286 tendere
358 1249 438 1297 opus3
461 1234 517 1282 sine
530 1234 613 1281 nervis
627 1235 708 1284 altera
721 1234 847 1298 quidquid

143 1324 267 1387 conposui
281 1338 339 1387 pars
353 1337 409 1371 csse
422 1330 495 1385 putat
506 1322 646 1385 similisque
658 1337 774 1371 meorum

141 1413 212 1460 mille
225 1412 265 1460 die
278 1426 364 1460 versus
378 1410 469 1458 deduci
482 1424 568 1473 posse.
595 1410 708 1469 Trebati,

116 1511 128 1550 5
144 1499 464 1564 quidiaciampraescribe.
479 1499 626 1561 ‘quiescas’
638 1514 671 1547 ne
680 1499 781 1559 faciam,
790 1501 893 1564 inquis,

143 1588 248 1637 omnino
262 1588 366 1636 versus?
384 1588 455 1635 ‘aio'
478 1601 582 1649 peream
595 1588 671 1646 male,
685 1587 706 1635 si
720 1602 773 1636 non

143 1678 266 1739 optimum
278 1685 345 1724 erat:
365 1690 451 1724 verum
464 1689 565 1737 nequeo
579 1676 699 1724 dormire.
726 1677 774 1725 ‘ter
787 1681 862 1728 uncti

142 1772 294 1814 transnanto
307 1765 430 1824 Tiberim,
446 1779 538 1812 somno
553 1764 646 1826 quibus
660 1773 699 1812 est
712 1779 778 1828 opus
791 1766 859 1826 alte,

141 1854 319 1916 inriguumque
332 1868 402 1901 mero
416 1852 463 1900 sub
476 1860 578 1900 noctcm
590 1867 684 1915 corpus
697 1853 820 1902 habento.

97 1950 128 1990 10
142 1948 187 1990 aut
199 1941 221 1988 si
233 1949 318 1989 tantus
331 1956 405 1989 amor
416 1940 545 1989 scribendi
557 1948 582 1989 te
595 1942 669 2003 rapit,
684 1941 751 1989 audo

144 2027 261 2078 Caesaris
274 2030 359 2078 invicti
372 2044 412 2078 res
425 2029 518 2088 dicere,
533 2029 613 2077 multa
626 2030 743 2077 laborum

143 2118 256 2181 praemia
268 2118 384 2166 laturus.²
408 2118 537 2180 cupidum,
553 2126 625 2180 pater
638 2117 742 2179 optime,
759 2119 827 2168 vires

144 2206 278 2255 deliciunt:
299 2221 383 2268 noque
396 2205 464 2255 enim
478 2205 558 2268 quivis
571 2206 701 2253 horrentia
714 2206 772 2268 pilis

144 2296 248 2357 agmina
259 2309 307 2343 nec
320 2295 401 2343 fracta
413 2294 543 2357 pereuntis
556 2294 662 2355 cuspide
675 2293 775 2353 Gallos,

97 2390 129 2430 15
144 2391 188 2431 aut
200 2384 309 2432 labentis
324 2398 390 2445 equo
405 2382 524 2432 describit
536 2383 641 2430 volnera
653 2381 748 2430 Parthi.

142 2471 264 2518 ‘attamen
277 2479 302 2519 et
313 2470 407 2518 iustum
420 2479 523 2533 poteras
537 2478 563 2517 et
575 2470 685 2518 scribere
697 2469 800 2530 fortem,

143 2556 291 2620 Scipiadam
302 2566 330 2605 ut
342 2559 445 2621 sapiens
457 2557 592 2605 Lucilius.'
616 2558 682 2605 haud
696 2559 758 2605 mihi
771 2559 867 2619 deer0,

143 2659 201 2692 cum
213 2659 253 2693 res
265 2646 322 2707 ipsa
334 2645 414 2694 seret:
436 2646 484 2694 nisi
497 2646 587 2693 dextro
600 2652 723 2708 tempore,
738 2645 827 2694 Flacci
