1917 3117
117 196 169 246 1¹12
426 200 545 239 EPODOR

116 358 269 406 libidinosus
280 359 447 406 inmolabitur
458 372 535 420 oaper

117 453 143 495 et
154 461 222 509 agna
236 446 451 510 Tempestatibus.

464 888 513 935 XI.

116 1066 190 1125 Potui,
205 1066 268 1114 nihil
281 1081 322 1114 me
334 1066 400 1114 siout
411 1073 489 1114 antea
505 1065 575 1114 iuvat

118 1155 229 1203 scribere
240 1155 378 1203 versiculos
391 1168 479 1202 amore
491 1151 640 1216 percussum
652 1156 733 1216 gravi,

117 1258 213 1302 amore,
228 1244 272 1306 qni
283 1258 325 1291 me
337 1251 439 1306 praeter
451 1243 535 1290 omnis
548 1244 645 1306 expetit

116 1331 237 1379 mollibus
250 1334 277 1380 in
289 1332 375 1394 pueris
388 1332 470 1379 autin
482 1332 575 1394 puellis
588 1347 673 1381 urere.

84 1431 96 1469 5
116 1420 157 1468 hie
169 1421 258 1469 tertius
271 1420 416 1479 december,
432 1434 466 1468 ex
477 1435 529 1482 quo
543 1420 627 1469 destiti

115 1508 223 1557 Inachia
234 1508 326 1568 furere,
342 1510 411 1557 silvis
423 1509 550 1557 honorem
562 1509 664 1557 decutit.

116 1597 166 1645 heu
178 1612 229 1657 me,
244 1612 291 1661 per
302 1599 400 1657 urbem,
415 1613 475 1646 nam
488 1597 568 1660 pudet
579 1598 645 1646 tanti
656 1597 729 1657 mali,

115 1684 204 1734 fabula
216 1694 313 1749 quanta
326 1686 376 1734 fui!
398 1686 572 1734 conviviorum
583 1694 612 1734 ut
625 1688 749 1749 paenitet,

114 1772 140 1821 in
154 1773 211 1835 quis
224 1782 353 1823 amantem
365 1782 389 1824 et
402 1775 512 1836 languor
526 1782 551 1822 et
563 1775 692 1823 silentium

64 1870 94 1910 ¹0
115 1862 199 1925 arguit
210 1871 236 1911 et
248 1864 327 1912 latere
339 1864 432 1926 petitus
444 1863 497 1911 imo
510 1862 622 1925 spiritus.

113 1951 247 2000 ‘contrane
259 1952 359 2001 luorum
371 1952 407 2000 nil
420 1952 505 2000 valere
517 1950 655 1999 candidum

114 2040 232 2103 pauperis
244 2042 383 2103 ingenium'
395 2041 521 2103 querebar
532 2040 672 2103 adplorans
685 2041 742 2098 tibi,

114 2129 188 2177 simul
202 2130 309 2178 calentis
321 2129 506 2178 inverecundus
520 2129 583 2177 deus

113 2217 247 2266 fervidiore
260 2233 330 2267 mero
344 2232 438 2265 arcana
451 2225 583 2279 promorat
593 2218 663 2265 loeo.

64 2315 92 2356 15
112 2307 213 2369 ‘quodsi
226 2307 289 2355 meis
300 2307 426 2355 inaestuet
437 2306 594 2369 praecordiis

112 2395 193 2444 libera
205 2395 272 2454 bilis,
287 2403 315 2443 ut
328 2395 392 2443 haec
403 2395 506 2457 ingrata
517 2395 599 2443 ventis
612 2395 707 2443 dividat

112 2484 227 2532 fomenta
239 2484 331 2531 volnus
343 2484 380 2532 nil
392 2484 489 2531 malum
501 2481 620 2544 levantia,

112 2572 211 2620 desinet
223 2571 355 2634 inparibus
368 2579 467 2621 certare
479 2580 620 2620 summotus
633 2573 737 2635 pudor.'

111 2660 154 2708 ubi
168 2660 232 2708 haec
245 2674 347 2708 severus
360 2668 385 2709 te
398 2661 484 2723 palam
497 2660 668 2719 laudaveram,
