1917 3117
426 194 517 231 LIBER
530 194 551 230 1.
801 189 853 238 213

129 361 229 416 optaret
241 353 290 400 sibi
304 353 419 415 quiaque,
434 351 499 399 meis
512 358 649 398 contentus
665 350 788 398 honestos

128 442 241 490 fascibus
253 451 278 489 et
290 440 360 489 sallia
374 441 471 489 nollem
484 439 546 488 mihi
558 453 667 497 sumere,
683 439 787 486 demens

127 531 222 579 iudicio
235 530 313 592 volgi,
328 544 407 577 sanus
419 529 526 577 fortasse
542 536 596 586 tuo,
612 527 681 591 quod

128 620 226 667 nollem
233 634 298 667 onus
306 618 503 679 haudumquam
509 618 709 679 solitusportare
715 616 861 664 molestum.

66 716 113 757 100
128 722 189 755 nam
201 707 263 754 mihi
276 707 400 755 continuo
413 706 497 754 maior
509 707 657 768 quaerenda
669 705 735 754 soret
747 718 788 753 roa

131 805 207 858 atque
220 795 348 843 salutandi
362 796 462 857 plures;
485 796 615 842 ducendus
629 804 655 842 et
662 808 732 858 ⁴unua

130 892 154 933 et
167 898 252 933 comes
265 885 339 942 alter,
353 884 391 931 uti
403 898 437 931 ne
450 884 521 931 solus
534 898 608 932 rusve
621 896 760 946 peregreve

130 974 241 1033 exirem3
262 973 347 1035 plures
361 973 466 1021 calones
479 982 558 1035 atque
570 973 665 1021 caballi

130 1062 261 1124 pascendi,
276 1061 395 1108 ducenda
407 1063 539 1123 petorrita.
567 1076 636 1108 nunc
648 1061 711 1109 mihi
724 1068 795 1108 curto

69 1160 116 1199 105
130 1151 167 1198 ire
180 1149 240 1197 licet
251 1149 321 1197 mulo
334 1150 374 1197 vel
387 1150 409 1196 si
422 1135 486 1197 libet
503 1165 584 1212 usque
597 1150 746 1207 Tarentum,

130 1237 242 1286 mantica
248 1237 288 1284 cul
295 1239 396 1286 lumbos
405 1252 484 1286 onere
490 1240 587 1286 ulceret
597 1246 674 1299 atque
682 1252 759 1299 eques
767 1251 851 1284 armos
860 1253 867 1295 ;

132 1327 227 1375 obiciet
240 1341 316 1374 nomo
329 1328 412 1374 sordis
425 1327 486 1374 mihi
500 1342 563 1389 quas
577 1326 631 1384 tibi,
647 1326 717 1384 Tuli,

131 1430 189 1463 cum
201 1416 306 1464 Tiburte
319 1416 360 1463 via
372 1424 517 1478 praetorem
529 1416 644 1478 quinque
656 1423 798 1476 sequuntur

132 1511 156 1551 te
169 1504 251 1565 pueri,
267 1504 384 1551 lasanum
396 1512 528 1567 portantes
542 1505 782 1567 canoplrorumque.

72 1599 117 1638 llo
132 1592 182 1639 hoc
194 1606 243 1653 ego
257 1593 416 1640 commodius
430 1607 508 1654 quam
520 1601 555 1651 tu,
572 1593 705 1655 praeclare
718 1598 833 1649 senator,

132 1680 234 1727 milibus
248 1687 324 1742 atque
337 1681 393 1727 aliis
406 1681 472 1727 vivo.
502 1696 661 1743 quacumque
673 1681 788 1738 libidost,

132 1768 224 1814 incedo
237 1768 323 1826 solue3
344 1775 484 1830 percontor
496 1769 584 1829 quanti
599 1770 656 1817 olus
669 1784 699 1816 ao
712 1769 765 1827 far3

133 1855 253 1904 fallacem
265 1855 359 1903 circum
371 1855 595 1918 vespertinumque
612 1870 715 1918 pererro

133 1959 210 2006 saepe
222 1945 321 2003 sorum3
344 1944 441 1991 adsisto
455 1944 561 2003 divinie3
581 1946 642 1992 inde
655 1945 758 1992 domum
769 1959 811 1991 me

71 2042 117 2082 ¹15
133 2034 166 2081 ad
180 2034 249 2095 porri
263 2042 287 2081 et
300 2033 389 2080 ciceris
404 2032 488 2080 refero
502 2033 639 2095 laganique
652 2033 772 2079 catinum.

132 2135 197 2169 cena
209 2122 366 2170 ministratur
378 2121 464 2183 puen's
476 2122 566 2180 tribue,
583 2131 608 2169 ct
619 2121 684 2184 lapis
697 2120 770 2168 albus

133 2211 228 2272 pocula
240 2224 298 2258 cum
311 2210 403 2271 cyatho
418 2210 468 2257 duo
482 2210 604 2269 sustinet3
627 2210 710 2257 adstat
723 2209 829 2256 echinus

133 2298 200 2357 vilis,
216 2313 273 2346 cum
285 2306 374 2361 patera
386 2305 482 2360 guttum
500 2298 633 2361 Campana
646 2297 771 2360 supellex.

133 2386 226 2435 deinde
239 2401 270 2434 eo
284 2388 429 2446 dormitum,
445 2401 500 2434 non
513 2386 647 2444 sollicitus,
657 2386 718 2434 mihi
733 2386 801 2448 quod
815 2399 874 2433 oras

70 2483 117 2524 120
133 2477 289 2538 surgendum
302 2477 334 2524 sit
346 2491 430 2534 mane,
448 2475 581 2523 obeundus
595 2475 706 2537 Marsya,
722 2474 766 2537 qui
779 2489 806 2522 ae

132 2566 231 2614 voltum
243 2564 310 2613 ferre
321 2555 400 2627 negat
411 2563 553 2612 Noviorum
566 2578 645 2626 posse
658 2564 773 2611 minoris.

133 2654 164 2701 ad
179 2662 294 2717 quartam
306 2654 393 2702 iaceo:
416 2661 476 2715 post
488 2654 556 2700 hanc
568 2667 657 2715 vagor,
673 2661 716 2701 aut
729 2667 778 2715 ego
792 2653 861 2700 lecto
