1917 3117
136 187 188 237 228
412 190 587 229 srrrnnnunr

89 357 120 397 lt
136 349 179 410 qui
192 362 232 395 mo
245 348 379 395 commorit
392 333 495 411 (melius
508 363 561 396 non
574 354 689 410 tangere,
705 349 811 410 clamo).

136 436 206 485 flebit
220 445 245 484 et
257 437 366 499 insignis
380 445 434 485 tota
447 438 590 485 cantabitur
602 438 675 484 urbo.

136 524 239 574 Cervius
252 526 331 573 iratus
345 526 414 587 leges
429 526 558 573 minitatur
575 534 601 574 et
612 541 711 582 urnam,

136 613 245 662 Canidia
257 614 346 662 Albuti
360 614 451 675 quibus
465 622 504 662 est
514 614 618 662 inimica
629 628 764 672 venenum,

134 704 231 765 grando
244 703 339 750 mulum
352 702 453 761 Turius,
470 703 554 765 siquid
568 718 596 751 se
608 703 693 751 iudico
707 710 803 750 certes:

90 800 120 840 to
134 800 162 840 ut
176 807 226 854 quo
240 792 348 853 quisque
362 791 429 838 valet
442 799 574 853 suspectos
587 799 689 847 terreat,
705 799 782 853 utque

135 859 242 942 imperet
255 881 304 928 hoe
317 887 408 927 nutura
421 888 521 942 potens,
538 880 574 927 sie
588 880 681 941 collige
695 893 804 927 mecum.

136 969 212 1017 dente
224 969 309 1032 lupus,
325 983 406 1016 cornu
419 976 506 1016 taurus
520 968 591 1030 petit,
606 968 675 1015 unde
688 968 737 1015 nisi
749 968 820 1016 intus

134 1057 320 1105 monstratum?
340 1055 452 1105 Scaevae
464 1057 576 1105 vivacem
589 1057 664 1105 erede
677 1056 766 1118 nepoti

134 1153 256 1205 matrem
277 1146 313 1192 nil
326 1145 403 1193 saciet
415 1146 518 1193 sceleris
531 1145 574 1207 pia
587 1145 706 1193 dexteru:
727 1144 818 1192 mirum

89 1244 120 1283 55
135 1242 163 1282 ut
175 1248 258 1297 neque
273 1234 343 1281 culce
356 1234 432 1297 lupus
446 1247 601 1296 quemquam
613 1248 697 1296 neque
711 1233 784 1282 dente
797 1234 863 1295 petit

499 1323 560 1370 bos:

134 1411 180 1458 sed
194 1411 263 1458 male
275 1410 349 1459 tollet
361 1425 439 1459 anum
451 1411 538 1459 vitiato
552 1412 627 1459 melle
640 1411 731 1459 cicuta.

136 1514 167 1548 ne
181 1500 287 1560 longum
300 1499 407 1546 faciam:
431 1514 475 1548 sen
488 1515 528 1548 me
541 1499 682 1562 tranquille
694 1507 811 1547 senectus

135 1594 276 1650 exspectat,
292 1601 336 1635 seu
348 1603 417 1636 mors
430 1589 491 1636 atris
505 1588 670 1636 circumvolat
682 1589 744 1647 ulis3

136 1675 213 1733 dives,
229 1676 314 1738 inops,
330 1676 427 1725 Romae
439 1692 484 1725 seu
497 1678 550 1725 fors
563 1677 598 1724 ita
610 1678 711 1725 iusserit
723 1676 804 1732 exsul,

88 1771 119 1811 60
135 1764 249 1826 quisquis
263 1765 310 1814 erit
322 1766 388 1813 vitae
400 1766 510 1813 scribom
522 1767 603 1813 color.
631 1766 655 1813 ‘o
669 1781 732 1829 puer
744 1776 771 1813 ut
783 1766 817 1813 sis

135 1852 218 1900 vitulis
231 1862 317 1902 metuo
332 1862 357 1902 et
369 1855 494 1902 maiorum
507 1854 598 1916 nequis
615 1856 711 1902 amiens

134 1941 229 2003 frigore
243 1951 267 1990 te
280 1942 375 1991 feriat?
400 1943 477 2005 quid?
498 1958 557 1990 oum
570 1953 610 1991 est
621 1943 734 1991 Lucilius
747 1958 825 1990 ansus

135 2031 230 2093 primus
243 2031 270 2077 in
284 2030 351 2079 huno
364 2032 448 2093 operis
462 2046 610 2094 conponere
624 2032 738 2080 carmina
750 2045 859 2080 morem.

134 2118 268 2166 detrahere
281 2126 306 2167 et
319 2120 421 2182 pellem,
437 2120 533 2167 nitidus
547 2136 599 2183 qun
611 2121 719 2183 quisque
733 2134 778 2183 per
791 2134 836 2167 ora

88 2214 120 2253 65
135 2207 244 2266 eederet,
260 2208 398 2257 introrsum
411 2209 500 2271 turpis,
515 2224 577 2257 num
590 2210 694 2258 Laelius
708 2210 790 2272 etqui

136 2296 207 2343 duxit
219 2298 251 2344 ab
266 2310 389 2359 oppressa
401 2297 518 2345 meritum
531 2297 687 2360 Carthagine
700 2313 803 2356 nomen,

133 2385 238 2446 ingenio
252 2384 342 2433 offensi
357 2392 401 2433 aut
413 2385 485 2434 laeso
499 2387 604 2434 doluere
617 2388 722 2435 Metello

133 2472 291 2536 famosisque
305 2474 379 2537 Lupo
394 2484 518 2537 cooperto
532 2476 664 2524 versibus?
683 2477 753 2538 utqui

135 2562 260 2623 primores
273 2563 362 2625 populi
375 2563 480 2625 arripuit
492 2565 667 2627 populumque
676 2563 803 2620 tributim,

88 2657 118 2697 70
134 2650 232 2698 scilieet
244 2651 289 2698 uni
301 2665 398 2713 aequus
411 2652 496 2699 virtuti
508 2661 585 2713 atquo
599 2653 652 2700 eius
665 2653 762 2700 amieis.
