1917 3117
142 176 194 226 194
417 177 591 215 samnsnmu

141 336 255 386 eruribus
267 335 331 385 haec
343 342 447 394 metuat,
463 333 517 381 doti
530 333 666 395 deprensa,
681 341 784 395 egomet
794 333 839 380 mi.

141 425 265 473 discincta
276 424 363 472 tunica
375 423 526 485 fugiendum
539 430 577 469 est
590 435 620 468 ac
633 422 699 483 pede
711 421 791 480 nudo,

142 527 175 562 ne
187 513 284 561 nummi
297 520 403 576 pereant
416 520 459 559 aut
472 526 542 574 puga
553 518 597 558 aut
609 511 718 573 denique
731 510 808 557 fama.

142 601 265 664 deprendi
278 601 398 648 miserum
411 608 464 647 est:
487 599 566 647 Fabio
580 599 620 648 vel
632 599 716 646 iudice
728 600 838 646 vincam.

423 785 583 792 ———-

477 969 523 1017 111.

144 1128 268 1177 Omnibus
282 1130 331 1177 hen
343 1129 431 1177 vitium
443 1136 482 1176 est
494 1128 651 1187 cantoribus,
665 1128 732 1177 inter
744 1129 842 1176 amicos

143 1225 171 1265 ut
183 1232 323 1280 numquam
334 1217 458 1265 inducant
470 1217 583 1264 animum
595 1225 699 1265 cantare
711 1217 804 1280 rogati,

143 1305 232 1353 iniussi
244 1319 384 1368 numquam
397 1305 531 1353 desistant.
552 1304 648 1353 Sardus
661 1305 772 1354 habebat

143 1393 188 1440 ille
199 1393 324 1454 Tigellius
338 1394 396 1441 hoc.
425 1391 529 1452 Caesar,
544 1394 588 1455 qui
601 1408 695 1455 cogere
708 1403 805 1456 posset,

116 1489 129 1528 d
144 1482 166 1528 si
178 1488 275 1543 peteret
287 1496 334 1543 per
346 1481 482 1529 amicitiam
495 1482 573 1543 panis
586 1490 662 1544 atque
675 1496 755 1540 suam,
771 1497 826 1529 non

144 1569 280 1631 quicquam
293 1571 442 1631 proficerem
464 1570 485 1616 si
500 1570 673 1629 conlibuisset,
689 1572 721 1618 ab
735 1584 784 1617 ovo

142 1670 224 1720 usque
236 1658 268 1705 ad
281 1658 350 1705 mala
362 1657 452 1705 citaret
464 1658 498 1705 ‘io
512 1658 639 1717 bacchae,
654 1659 732 1706 modo
746 1673 845 1706 summa

143 1760 213 1804 voce,
223 1747 300 1793 modo
312 1747 368 1805 hae,
378 1755 481 1795 resonat
492 1760 558 1808 qnae
570 1747 672 1794 chordis
679 1755 801 1809 quattuor
809 1746 870 1794 ima.

144 1834 180 1883 nil
193 1836 301 1896 aequale
313 1835 412 1883 homiui
425 1834 472 1881 luit
483 1834 535 1881 illi:
558 1848 636 1897 saepe
648 1835 716 1883 velut
729 1836 772 1897 qui

100 1929 129 1968 10
145 1924 262 1971 currebat
272 1922 374 1985 fugiens
386 1923 496 1981 hostem,
511 1937 634 1985 persaepe
646 1923 718 1971 volut
729 1924 772 1985 qui

143 2010 249 2059 Iunonis
262 2025 335 2059 saera
347 2011 438 2070 serret3
461 2011 572 2062 habebat
584 2025 661 2074 saepe
674 2012 807 2069 ducentos,

145 2114 222 2163 saepe
235 2100 322 2148 decem
335 2113 437 2158 servos3
457 2100 536 2147 modo
549 2114 623 2161 reges
636 2108 712 2163 atque
725 2099 877 2158 tetrarchas,

145 2188 332 2251 omniamagna
339 2189 457 2249 loquens,
465 2188 657 2236 modo‘sitmihi
664 2187 837 2249 mensatripes
844 2198 870 2236 et

144 2276 243 2324 concha
255 2276 315 2325 salis
328 2277 385 2338 puri
399 2285 423 2325 et
435 2285 498 2339 toga
510 2291 577 2338 quae
590 2277 729 2325 defendere
740 2276 822 2338 frigus

102 2372 131 2411 15
146 2365 260 2427 quamvis
272 2380 359 2413 crassa
371 2373 449 2427 queat
458 2366 474 2425 ;'
493 2366 578 2413 decies
591 2373 700 2415 centena
713 2365 826 2413 dedisses

146 2452 206 2500 huie
219 2468 307 2515 parco,
321 2453 409 2516 paucis
421 2462 552 2512 contento,
568 2455 683 2516 quinque
695 2454 784 2503 diebus

146 2541 182 2587 nil
196 2542 289 2588 eratin
303 2542 409 2601 loculis3
431 2543 514 2591 noctis
528 2542 650 2604 vigilabat
661 2544 693 2590 ad
706 2544 790 2605 ipsum

146 2642 230 2686 mane,
246 2629 313 2677 diem
326 2638 407 2678 totum
420 2632 558 2688 stertebat3
579 2630 615 2678 nil
629 2631 677 2678 fuit
689 2645 810 2693 nmquam
