1917 3117
385 227 474 266 Lmen
489 228 510 265 1.

43 395 55 435 a
74 386 173 449 inpune
192 394 273 435 tntum
291 400 336 449 per
349 400 438 434 nemus
451 386 556 433 arbutos

77 484 202 538 quaerunt
214 475 315 523 latentis
329 483 354 523 et
365 475 452 536 thyma
464 474 552 523 deviae

78 565 170 613 olentis
183 578 276 612 uxeres
292 564 383 622 mariti,

77 668 126 702 nec
137 654 224 702 viridis
236 660 352 701 metuunt
366 652 486 700 colubras

77 810 125 844 nee
137 796 262 843 Martialis
276 794 408 843 Haediliae
420 795 505 856 lupos,

27 894 59 934 lo
78 893 217 947 utcumque
230 884 306 942 dulci,
322 883 444 945 Tyndari,
460 883 545 931 fistula

78 975 157 1023 valles
171 982 197 1022 et
207 972 309 1022 Usticae
327 973 442 1021 cubantis

78 1063 144 1112 levia
156 1076 312 1125 personuere
323 1074 395 1110 saxa.

80 1205 105 1253 di
117 1220 159 1253 me
170 1213 282 1263 tuentur,
304 1205 342 1252 dis
355 1204 436 1266 pietas
449 1217 507 1267 mea

80 1302 106 1343 et
117 1308 191 1342 musa
203 1293 274 1341 cordi
287 1300 333 1341 est.
361 1293 402 1340 hic
414 1292 460 1340 ribi
473 1292 550 1354 eopia

29 1392 61 1433 15
81 1383 196 1431 manabit
208 1383 240 1430 ad
253 1382 359 1445 plenum
371 1381 484 1444 benigno
523 1437 525 1445 Ι

80 1474 146 1521 ruris
158 1473 286 1520 honorum
298 1470 421 1533 opulenta
433 1485 523 1518 cornu.

81 1616 123 1665 hic
135 1616 162 1663 in
175 1614 280 1663 reducta
292 1612 359 1662 valle
372 1613 503 1661 caniculae

80 1703 172 1754 vitabis
186 1710 269 1751 aestus
283 1709 307 1750 et
320 1701 369 1749 lide
381 1701 445 1749 Teia

83 1793 155 1842 dices
169 1790 310 1841 laborantis
321 1791 348 1838 iu
361 1805 413 1838 uno

30 1892 61 1933 20
81 1882 231 1944 Penelopen
241 1880 396 1941 vitreamque
408 1877 507 1926 Circen.

83 2024 125 2073 hie
138 2022 282 2071 innocentis
295 2021 389 2083 pocula
402 2020 488 2068 Lesbii

85 2112 162 2161 duces
176 2112 222 2160 sub
235 2112 333 2169 umbra,
348 2124 397 2158 nec
410 2108 551 2157 Semeleius

85 2216 144 2249 eum
155 2200 237 2249 Marte
250 2199 391 2248 confundet
402 2198 541 2260 Thyoneus

85 2290 192 2353 proelia,
208 2304 256 2338 nec
268 2295 365 2337 metues
378 2294 522 2350 protervum

31 2442 64 2482 25
87 2438 205 2494 suspecta
219 2429 325 2492 Cyrum,
341 2444 373 2477 ne
386 2428 452 2476 male
466 2428 561 2491 dispari

85 2518 267 2569 incontinentis
283 2518 371 2566 iniciat
382 2532 473 2565 manus

87 2617 112 2658 et
123 2609 222 2657 scindat
234 2607 380 2656 haerentem
393 2620 515 2653 coronam

88 2698 199 2746 crinibus
212 2696 408 2757 inmeritamque
420 2701 524 2742 vestem.

381 2844 541 2852 ———-
