1917 3117
110 180 163 230 282
368 183 579 222 nrlsrunsnuu

64 348 95 391 te
109 354 251 388 mercemur
263 355 363 389 servum
375 340 420 403 qui
432 340 511 388 dictet
522 339 637 398 nomine,
652 339 753 388 laevum

110 429 153 491 qui
165 427 263 477 fodicet
274 429 339 477 letus
353 437 379 477 et
391 435 468 490 cogat
479 437 551 477 trem
564 429 681 491 pondere
694 429 810 476 dextram

109 517 253 580 porrigere:
273 517 323 565 ‘hic
335 519 443 565 multum
454 518 482 565 in
495 518 575 566 Fabia
586 517 663 576 velet,
678 517 724 564 ille
736 516 846 576 Veline3
861 558 863 563 ι

110 601 225 654 cuilibet
237 606 278 654 hic
291 606 367 654 lascis
380 607 451 655 debit
463 607 604 669 eripietque
616 606 705 654 curule

110 695 151 742 cui
163 694 233 743 volet
244 695 396 757 inportunus
409 695 492 743 ebun'
515 694 603 754 freter,
618 701 692 757 pater
705 694 784 755 edde3
843 704 868 752 ,¹

63 790 94 830 st
109 789 137 830 nt
149 783 240 845 cuique
254 789 293 830 est
305 789 385 842 actes,
401 783 438 830 ite
450 797 579 845 quemque
591 783 689 831 facetus
702 783 808 847 adepte.

110 871 132 918 si
145 872 210 919 bene
223 871 267 934 qui
280 877 356 918 cenet
367 871 433 918 bene
445 870 514 929 vivit,
529 871 606 931 lucet,
622 884 709 919 eamus

110 974 161 1022 quo
176 959 245 1008 ducit
257 960 326 1021 gule,
341 959 476 1022 piscemur‚
492 973 622 1019 venemur,
636 967 664 1007 ut
677 959 739 1008 olim

110 1046 248 1111 Gargilius,
264 1047 308 1110 qui
319 1062 395 1096 mene
407 1049 507 1110 plegae,
523 1048 658 1107 venabula,
674 1062 770 1107 serres,

111 1135 237 1184 differtum
248 1138 357 1185 transire
369 1136 454 1185 forum
466 1124 766 1200 populumque-iubebat,
814 1201 817 1203 Α

64 1233 95 1274 60
109 1240 175 1274 nnus
187 1233 215 1274 ut
227 1240 241 1275 e
253 1226 340 1274 multis
353 1226 451 1288 populo
464 1233 598 1288 spectante
610 1224 716 1274 referret

110 1322 223 1377 emptum
234 1314 318 1363 mulus
331 1327 430 1378 aprum.
457 1314 528 1362 crudi
540 1314 681 1376 tumidique
692 1294 815 1370 levemur,

110 1404 171 1465 quid
186 1404 276 1452 deceat
288 1403 348 1466 quid
362 1417 415 1452 non
428 1403 511 1462 obliti,
527 1401 628 1451 Caerite
640 1416 700 1451 cera
755 1387 758 1390 ⁴

110 1491 190 1554 digni,
206 1492 339 1554 remigium
352 1492 470 1541 vitiosum
481 1492 623 1540 Ithacensis
635 1491 714 1549 Ulixi,

110 1580 150 1627 cui
162 1581 248 1642 potior
259 1581 341 1643 petria
353 1581 401 1629 fuit
412 1580 549 1629 interdicte
560 1581 690 1642 voluptas.
736 1602 738 1607 ⁷

64 1676 95 1716 tt
110 1668 141 1729 si,
155 1668 323 1717 Mimnermus
336 1670 373 1717 nti
386 1677 481 1728 censet,
497 1669 553 1717 sine
565 1683 652 1717 emere
664 1668 779 1730 iocisque

110 1756 147 1804 nil
160 1763 198 1804 est
209 1756 356 1816 iucundum,
372 1758 441 1805 vivas
454 1758 480 1805 in
496 1771 583 1805 amore
594 1757 719 1819 iocisque.

109 1846 171 1905 vive,
187 1846 252 1894 vele.
280 1845 363 1907 siquid
376 1846 468 1894 novisti
479 1846 573 1894 rectius
585 1845 648 1904 istis,

110 1933 233 1982 candidus
245 1934 360 1997 imperti3
380 1935 401 1981 si
415 1949 476 1994 non,
492 1934 531 1982 his
545 1941 615 1981 utere
627 1947 737 1981 mecum.

393 2118 551 2127 ——n-—-

442 2304 501 2353 VH.

111 2464 231 2527 Quinque
244 2465 298 2513 dies
310 2465 356 2514 tibi
369 2465 498 2527 pollicitus
512 2477 553 2514 me
565 2478 623 2511 rnre
636 2463 758 2521 futurum,

111 2553 228 2601 sextilem
239 2560 322 2601 totum
334 2552 447 2600 mendax
459 2552 599 2599 desideret.
627 2552 705 2613 etqui,

110 2641 132 2688 si
144 2655 185 2688 me
197 2640 281 2689 vivere
294 2640 331 2687 vis
344 2654 436 2687 senum
448 2647 568 2702 recteque
580 2641 715 2697 valentem,

940 454 953 500 ε’
