1917 3117
146 156 199 204 318
402 158 613 198 EPISTULARUM

84 322 130 362 100
145 314 243 362 subruit
256 322 300 362 aut
312 315 402 362 reficit.
430 315 514 363 valeat
526 330 566 363 res
579 316 685 374 ludicra,
701 316 722 363 si
735 331 778 364 me

143 404 229 465 palma
242 412 336 465 negata
348 418 470 462 macrum,
486 405 583 452 donata
595 404 693 452 reducit
705 405 834 467 opimum.

143 506 220 555 saepe
233 494 308 540 etiam
321 492 445 540 audacem
456 492 531 554 fugat
543 493 593 540 hoc
605 501 734 556 terretque
750 501 869 555 poetam,

143 582 212 642 quod
226 595 332 628 numero
347 581 441 643 plures,
456 581 548 628 virtute
561 588 586 629 et
597 582 698 630 honore
709 581 837 641 minores,

142 669 239 717 indocti
252 669 390 731 stolidique
404 675 430 717 et
443 669 591 731 depugnare
603 671 686 731 parati

80 765 128 807 185
145 758 166 805 si
179 758 308 805 discordet
321 771 408 819 eques,
423 758 508 805 media
520 758 588 805 inter
600 757 714 806 carmina
726 768 842 820 poscunt

142 855 187 895 aut
198 862 285 894 ursum
298 854 342 894 aut
354 846 469 909 pugiles:
491 846 530 894 his
543 862 604 894 nam
617 847 754 909 plebecula
766 849 875 909 gaudet.

143 951 229 984 verum
238 935 330 997 equitis
342 949 445 997 quoque
455 935 508 982 iam
520 934 638 997 migravit
648 936 681 983 ab
693 948 753 982 atne
765 936 888 998 voluptas

143 1025 227 1073 omnis
240 1025 272 1071 ad
286 1025 398 1072 incertos
411 1024 502 1071 oculos
515 1030 540 1072 et
556 1024 651 1085 gaudia
663 1038 738 1071 vana.

142 1121 263 1176 quattuor
275 1122 319 1161 aut
330 1112 409 1174 pluris
423 1112 515 1160 aulaea
526 1120 675 1174 premuntur
687 1111 714 1159 in
734 1112 824 1174 horas,

80 1210 127 1251 100
144 1203 204 1249 dum
215 1201 316 1264 fugiunt
329 1200 443 1262 equitum
460 1207 558 1247 turmae
571 1200 736 1262 peditumque
749 1209 886 1263 catervae3

142 1305 204 1338 mox
215 1289 323 1338 trahitur
335 1289 453 1337 manibus
467 1303 557 1350 regum
569 1288 674 1336 fortuna
686 1289 796 1348 retortis,

143 1380 233 1427 esseda
251 1378 382 1435 festinant,
398 1377 506 1439 pilenta,
522 1377 652 1439 petorrita,
669 1391 755 1435 naves,

142 1468 270 1530 captivum
281 1474 399 1529 portatur
411 1467 483 1525 ebur,
500 1467 602 1528 captiva
615 1466 763 1514 Corinthus.

144 1556 165 1603 si
178 1556 245 1603 foret
256 1555 283 1602 in
296 1554 379 1612 terris,
400 1554 495 1602 rideret
506 1553 680 1612 Democritus,
695 1569 740 1602 seu

80 1652 128 1694 105
143 1644 269 1691 diversum
281 1642 389 1690 confusa
402 1658 483 1706 genus
497 1643 624 1705 panthera
640 1643 739 1690 camelo

142 1733 194 1779 sive
207 1732 311 1794 clephas
325 1732 398 1780 albus
411 1731 481 1793 volgi
495 1739 656 1779 converteret
669 1745 730 1790 ora,

143 1827 268 1881 spectaret
280 1820 405 1883 populum
418 1820 486 1868 ludis
500 1819 622 1868 attentius
633 1819 697 1882 ipsis

141 1915 170 1956 ut
182 1908 230 1956 sibi
242 1910 408 1971 praebentem
421 1908 501 1955 nimio
515 1908 664 1970 spectacula
677 1908 766 1969 plura3

142 1998 279 2060 scriptores
293 2007 378 2044 antem
390 2011 494 2045 narrare
507 2004 610 2059 putaret
622 1997 702 2045 asello

78 2094 126 2136 100
141 2087 264 2135 fabellam
277 2086 363 2134 surdo.
391 2101 452 2134 nem
464 2099 531 2147 quae
543 2085 691 2148 pervincere
703 2097 780 2131 voces

141 2175 258 2222 evaluere
271 2188 371 2234 sonum,
387 2174 501 2222 referunt
513 2188 589 2236 quem
603 2181 692 2221 nostra
703 2173 825 2221 theatra?

142 2262 290 2326 Garganum
303 2264 400 2326 mugire
413 2272 487 2326 putes
500 2278 590 2312 nemus
603 2270 647 2311 eut
659 2277 730 2311 mare
743 2262 870 2322 Tuscum,

141 2359 213 2399 tanto
227 2366 284 2399 cum
297 2353 402 2414 strepitu
417 2351 470 2400 ludi
484 2360 632 2414 spectantur
644 2359 670 2400 et
682 2358 751 2401 artes

142 2437 293 2500 divitiaeque
306 2440 472 2501 peregrinae:
494 2440 586 2501 quibus
599 2439 694 2487 oblitus
707 2445 779 2487 actor

77 2530 125 2573 205
141 2539 199 2572 cum
211 2526 279 2573 stetit
290 2526 316 2573 in
330 2541 433 2586 scaena,
449 2528 578 2575 concurrit
592 2527 697 2576 dextera
709 2528 807 2576 laevae.

141 2610 205 2658 dixit
217 2612 301 2659 adhuc
314 2614 428 2675 aliquid?
447 2615 484 2662 nil
498 2629 569 2663 sane.
597 2615 657 2677 quid
671 2616 756 2677 placet
770 2614 853 2677 ergo?
