1917 3117
399 203 487 241 LIBER
500 204 543 240 111.

99 362 151 408 iam
164 366 252 424 pastor
264 362 367 409 umbras
381 375 439 409 oum
451 375 531 423 grege
543 360 666 423 languido

100 450 232 512 rivumque
244 450 330 498 fessus
344 452 443 513 quaerit
456 457 481 498 et
493 449 591 498 horridi

101 540 204 587 dumeta
217 537 324 599 Silvani,
340 548 460 602 caretque

99 628 157 691 ripa
169 628 239 691 vagis
253 628 381 677 taciturna
396 630 486 677 ventis.

38 781 75 821 25
99 780 129 819 tu
142 770 269 820 civitatem
283 772 339 833 quis
353 771 443 819 deceat
455 779 536 820 status

99 874 174 908 eures
187 867 213 908 et
225 860 281 908 urbi
294 861 419 909 sollicitus
432 861 506 908 times

98 949 161 1012 quid
176 947 251 998 Seres
265 957 290 998 et
301 958 410 1012 regnata
422 948 489 1011 Cyro
511 974 526 986 ι

98 1039 195 1087 Baetra
207 1046 300 1101 parent
311 1038 460 1102 Tanaisque
473 1038 581 1086 discors.

99 1182 214 1245 prudens
226 1180 304 1229 futuri
317 1181 439 1244 temporis
453 1182 550 1229 exitum

42 1281 77 1321 30
100 1270 245 1332 caliginosa
257 1277 333 1318 noete
347 1271 439 1333 premit
452 1271 523 1330 deus,

100 1360 217 1421 ridetque
229 1360 251 1407 si
263 1359 379 1408 mortalis
393 1360 460 1407 ultra

100 1448 140 1496 fas
153 1448 273 1511 trepidat.
302 1449 370 1511 quod
385 1449 458 1497 adest
472 1457 602 1497 memento

102 1605 250 1654 conponere
263 1605 375 1653 aequus:
397 1600 484 1639 cetera
497 1590 608 1639 fluminis

45 1703 50 1710 ·
101 1681 151 1728 ritu
163 1680 288 1738 seruntur,
303 1694 372 1727 nune
385 1680 471 1728 medio
485 1681 558 1728 alveo

43 1778 79 1820 35
101 1785 159 1818 eum
171 1784 235 1832 paee
248 1768 390 1824 delabentis
403 1769 539 1817 Etruscum

100 1859 128 1906 in
141 1872 220 1918 mare,
235 1873 304 1906 nuno
318 1858 417 1921 lapides
431 1860 524 1908 adesos
566 1893 569 1897 Α

101 2002 238 2065 stirpisque
251 2010 337 2063 raptas
351 2009 375 2049 et
387 2016 465 2064 pecus
480 2010 506 2050 et
522 2002 612 2049 domos

101 2091 228 2138 volventis
241 2105 301 2150 una,
317 2105 370 2139 non
384 2090 440 2139 sine
452 2091 579 2139 montium

101 2180 214 2228 elamore
226 2179 374 2242 vicinaeque
386 2180 473 2239 silvae,

47 2278 79 2319 40
101 2283 159 2317 eum
171 2269 227 2318 fera
239 2269 345 2317 diluvies
358 2271 459 2332 quietos

100 2411 188 2461 inritat
200 2412 291 2459 amnis.
318 2412 362 2460 ille
375 2420 467 2475 potens
482 2412 520 2460 sui

101 2502 235 2564 laetusque
249 2501 333 2564 deget,
349 2501 390 2549 oui
402 2502 462 2550 licet
473 2502 500 2550 in
514 2501 584 2549 diem

101 2590 196 2639 dixisse
208 2590 267 2639 ‘vixi
276 2591 293 2638 :³
312 2605 368 2639 cras
381 2591 421 2640 vel
433 2599 490 2639 atra

100 2680 169 2729 nube
183 2681 272 2743 polum
284 2687 357 2743 pater
370 2687 494 2744 occupato
