<?xml version="1.0" encoding="UTF-8"?>
<!DOCTYPE html PUBLIC "-//W3C//DTD XHTML 1.0 Transitional//EN"
    "http://www.w3.org/TR/xhtml1/DTD/xhtml1-transitional.dtd">
<html xmlns="http://www.w3.org/1999/xhtml" xml:lang="en" lang="en">
 <head>
  <title>
</title>
<meta http-equiv="Content-Type" content="text/html;charset=utf-8" />
  <meta name='ocr-system' content='tesseract 3.04.00' />
  <meta name='ocr-capabilities' content='ocr_page ocr_carea ocr_par ocr_line ocrx_word'/>
</head>
<body>
  <div class='ocr_page' id='page_1' title='image "./opera00haupgoog_0225.png"; bbox 0 0 1917 3117; ppageno 0'>
   <div class='ocr_carea' id='block_1_1' title="bbox 414 190 837 240">
    <p class='ocr_par' dir='ltr' id='par_1_1' title="bbox 414 190 837 240">
     <span class='ocr_line' id='line_1_1' title="bbox 414 190 837 240; baseline 0.005 -9"><span class='ocrx_word' id='word_1_1' title='bbox 414 193 503 232; x_wconf 74' lang='lat' dir='ltr'>manu</span> <span class='ocrx_word' id='word_1_2' title='bbox 515 194 535 233; x_wconf 87' lang='lat'>1.</span> <span class='ocrx_word' id='word_1_3' title='bbox 786 190 837 240; x_wconf 71' lang='lat'>201</span> 
     </span>
    </p>
   </div>
   <div class='ocr_carea' id='block_1_2' title="bbox 4 350 858 2694">
    <p class='ocr_par' dir='ltr' id='par_1_2' title="bbox 4 350 858 2694">
     <span class='ocr_line' id='line_1_2' title="bbox 115 350 689 413; baseline -0.002 -15"><span class='ocrx_word' id='word_1_4' title='bbox 115 365 205 399; x_wconf 90' lang='lat' dir='ltr'>omnes</span> <span class='ocrx_word' id='word_1_5' title='bbox 217 351 243 398; x_wconf 89' lang='lat' dir='ltr'>hi</span> <span class='ocrx_word' id='word_1_6' title='bbox 254 358 371 398; x_wconf 88' lang='lat' dir='ltr'>metuunt</span> <span class='ocrx_word' id='word_1_7' title='bbox 382 364 478 410; x_wconf 83' lang='lat' dir='ltr'>versus,</span> <span class='ocrx_word' id='word_1_8' title='bbox 494 350 573 399; x_wconf 84' lang='lat' dir='ltr'>odere</span> <span class='ocrx_word' id='word_1_9' title='bbox 589 359 689 413; x_wconf 86' lang='lat' dir='ltr'>poetas.</span> 
     </span>
     <span class='ocr_line' id='line_1_3' title="bbox 113 438 858 502; baseline -0.001 -16"><span class='ocrx_word' id='word_1_10' title='bbox 113 439 311 488; x_wconf 81' lang='lat' dir='ltr'>‘loeuumhubet</span> <span class='ocrx_word' id='word_1_11' title='bbox 323 439 350 486; x_wconf 92' lang='lat' dir='ltr'>in</span> <span class='ocrx_word' id='word_1_12' title='bbox 358 453 447 497; x_wconf 88' lang='lat' dir='ltr'>cornu,</span> <span class='ocrx_word' id='word_1_13' title='bbox 455 438 616 502; x_wconf 80' lang='lat' dir='ltr'>longefuge:</span> <span class='ocrx_word' id='word_1_14' title='bbox 631 438 769 487; x_wconf 90' lang='lat' dir='ltr'>dummodo</span> <span class='ocrx_word' id='word_1_15' title='bbox 777 438 858 486; x_wconf 87' lang='lat' dir='ltr'>risum</span> 
     </span>
     <span class='ocr_line' id='line_1_4' title="bbox 70 527 760 589; baseline 0 -14"><span class='ocrx_word' id='word_1_16' title='bbox 70 535 100 576; x_wconf 83' lang='lat'>35</span> <span class='ocrx_word' id='word_1_17' title='bbox 115 527 226 575; x_wconf 85' lang='lat' dir='ltr'>excutiat</span> <span class='ocrx_word' id='word_1_18' title='bbox 240 527 296 585; x_wconf 79' lang='lat' dir='ltr'>sibi,</span> <span class='ocrx_word' id='word_1_19' title='bbox 312 541 364 574; x_wconf 91' lang='lat' dir='ltr'>non</span> <span class='ocrx_word' id='word_1_20' title='bbox 378 527 419 574; x_wconf 88' lang='lat' dir='ltr'>hic</span> <span class='ocrx_word' id='word_1_21' title='bbox 432 527 552 589; x_wconf 76' lang='lat' dir='ltr'><strong>cuiquam</strong></span> <span class='ocrx_word' id='word_1_22' title='bbox 564 535 651 589; x_wconf 80' lang='lat' dir='ltr'>parcet</span> <span class='ocrx_word' id='word_1_23' title='bbox 662 527 760 587; x_wconf 88' lang='lat' dir='ltr'>amico;</span> 
     </span>
     <span class='ocr_line' id='line_1_5' title="bbox 115 614 767 677; baseline -0.002 -14"><span class='ocrx_word' id='word_1_24' title='bbox 115 624 140 663; x_wconf 89' lang='lat' dir='ltr'>et</span> <span class='ocrx_word' id='word_1_25' title='bbox 152 616 330 677; x_wconf 87' lang='lat' dir='ltr'>quodcumque</span> <span class='ocrx_word' id='word_1_26' title='bbox 343 616 423 664; x_wconf 84' lang='lat' dir='ltr'>semel</span> <span class='ocrx_word' id='word_1_27' title='bbox 436 615 530 664; x_wconf 83' lang='lat' dir='ltr'>chartis</span> <span class='ocrx_word' id='word_1_28' title='bbox 542 615 668 674; x_wconf 86' lang='lat' dir='ltr'>inleverit,</span> <span class='ocrx_word' id='word_1_29' title='bbox 683 614 767 663; x_wconf 83' lang='lat' dir='ltr'>omnis</span> 
     </span>
     <span class='ocr_line' id='line_1_6' title="bbox 114 704 672 765; baseline 0 -14"><span class='ocrx_word' id='word_1_30' title='bbox 114 704 205 765; x_wconf 86' lang='lat' dir='ltr'>gestiet</span> <span class='ocrx_word' id='word_1_31' title='bbox 218 719 234 751; x_wconf 89' lang='lat' dir='ltr'>a</span> <span class='ocrx_word' id='word_1_32' title='bbox 246 704 323 753; x_wconf 80' lang='lat' dir='ltr'>furno</span> <span class='ocrx_word' id='word_1_33' title='bbox 335 704 464 753; x_wconf 88' lang='lat' dir='ltr'>redeuntis</span> <span class='ocrx_word' id='word_1_34' title='bbox 477 705 542 753; x_wconf 84' lang='lat' dir='ltr'>scire</span> <span class='ocrx_word' id='word_1_35' title='bbox 555 705 672 765; x_wconf 80' lang='lat' dir='ltr'>lacuque,</span> 
     </span>
     <span class='ocr_line' id='line_1_7' title="bbox 115 791 831 855; baseline 0.001 -17"><span class='ocrx_word' id='word_1_36' title='bbox 115 800 139 839; x_wconf 85' lang='lat' dir='ltr'>ct</span> <span class='ocrx_word' id='word_1_37' title='bbox 151 806 244 854; x_wconf 88' lang='lat' dir='ltr'>pueros</span> <span class='ocrx_word' id='word_1_38' title='bbox 257 801 283 841; x_wconf 90' lang='lat' dir='ltr'>et</span> <span class='ocrx_word' id='word_1_39' title='bbox 295 794 379 841; x_wconf 79' lang='lat' dir='ltr'>anua&#39;</span> <span class='ocrx_word' id='word_1_40' title='bbox 403 793 521 855; x_wconf 81' lang='lat' dir='ltr'>agedum,</span> <span class='ocrx_word' id='word_1_41' title='bbox 537 806 619 854; x_wconf 90' lang='lat' dir='ltr'>pauca</span> <span class='ocrx_word' id='word_1_42' title='bbox 631 791 720 854; x_wconf 78' lang='lat' dir='ltr'>accipe</span> <span class='ocrx_word' id='word_1_43' title='bbox 732 798 831 840; x_wconf 88' lang='lat' dir='ltr'>contra.</span> 
     </span>
     <span class='ocr_line' id='line_1_8' title="bbox 113 880 852 944; baseline 0.001 -17"><span class='ocrx_word' id='word_1_44' title='bbox 113 880 222 943; x_wconf 89' lang='lat' dir='ltr'>primum</span> <span class='ocrx_word' id='word_1_45' title='bbox 236 895 285 944; x_wconf 85' lang='lat' dir='ltr'>ego</span> <span class='ocrx_word' id='word_1_46' title='bbox 297 882 456 940; x_wconf 76' lang='lat' dir='ltr'>meldorum,</span> <span class='ocrx_word' id='word_1_47' title='bbox 466 881 579 930; x_wconf 86' lang='lat' dir='ltr'>dederim</span> <span class='ocrx_word' id='word_1_48' title='bbox 592 881 682 943; x_wconf 84' lang='lat' dir='ltr'>quibus</span> <span class='ocrx_word' id='word_1_49' title='bbox 696 894 752 928; x_wconf 89' lang='lat' dir='ltr'>esse</span> <span class='ocrx_word' id='word_1_50' title='bbox 759 880 852 942; x_wconf 78' lang='lat' dir='ltr'>poetis,</span> 
     </span>
     <span class='ocr_line' id='line_1_9' title="bbox 68 970 854 1031; baseline 0 -16"><span class='ocrx_word' id='word_1_51' title='bbox 68 976 99 1015; x_wconf 75' lang='lat'>40</span> <span class='ocrx_word' id='word_1_52' title='bbox 115 981 251 1030; x_wconf 80' lang='lat' dir='ltr'>excerpam</span> <span class='ocrx_word' id='word_1_53' title='bbox 264 983 385 1017; x_wconf 90' lang='lat' dir='ltr'>numero:</span> <span class='ocrx_word' id='word_1_54' title='bbox 406 983 491 1031; x_wconf 88' lang='lat' dir='ltr'>neque</span> <span class='ocrx_word' id='word_1_55' title='bbox 504 970 573 1018; x_wconf 91' lang='lat' dir='ltr'>enim</span> <span class='ocrx_word' id='word_1_56' title='bbox 585 970 740 1018; x_wconf 85' lang='lat' dir='ltr'>concludere</span> <span class='ocrx_word' id='word_1_57' title='bbox 751 983 854 1017; x_wconf 88' lang='lat' dir='ltr'>versum</span> 
     </span>
     <span class='ocr_line' id='line_1_10' title="bbox 114 1056 766 1120; baseline 0 -17"><span class='ocrx_word' id='word_1_58' title='bbox 114 1056 208 1104; x_wconf 82' lang='lat' dir='ltr'>dixeris</span> <span class='ocrx_word' id='word_1_59' title='bbox 220 1069 276 1105; x_wconf 91' lang='lat' dir='ltr'>esse</span> <span class='ocrx_word' id='word_1_60' title='bbox 289 1058 366 1118; x_wconf 89' lang='lat' dir='ltr'>satis;</span> <span class='ocrx_word' id='word_1_61' title='bbox 387 1072 472 1120; x_wconf 90' lang='lat' dir='ltr'>neque</span> <span class='ocrx_word' id='word_1_62' title='bbox 485 1057 551 1120; x_wconf 83' lang='lat' dir='ltr'>siqui</span> <span class='ocrx_word' id='word_1_63' title='bbox 563 1057 658 1105; x_wconf 88' lang='lat' dir='ltr'>scribat</span> <span class='ocrx_word' id='word_1_64' title='bbox 669 1057 705 1105; x_wconf 89' lang='lat' dir='ltr'>uti</span> <span class='ocrx_word' id='word_1_65' title='bbox 718 1072 766 1104; x_wconf 91' lang='lat' dir='ltr'>nos</span> 
     </span>
     <span class='ocr_line' id='line_1_11' title="bbox 115 1144 734 1208; baseline 0.003 -18"><span class='ocrx_word' id='word_1_66' title='bbox 115 1144 227 1191; x_wconf 90' lang='lat' dir='ltr'>sermoni</span> <span class='ocrx_word' id='word_1_67' title='bbox 239 1146 369 1207; x_wconf 83' lang='lat' dir='ltr'>propiora,</span> <span class='ocrx_word' id='word_1_68' title='bbox 385 1152 457 1208; x_wconf 88' lang='lat' dir='ltr'>putes</span> <span class='ocrx_word' id='word_1_69' title='bbox 471 1147 540 1194; x_wconf 89' lang='lat' dir='ltr'>huuc</span> <span class='ocrx_word' id='word_1_70' title='bbox 554 1160 611 1194; x_wconf 88' lang='lat' dir='ltr'>esse</span> <span class='ocrx_word' id='word_1_71' title='bbox 622 1153 734 1208; x_wconf 83' lang='lat' dir='ltr'>poetum.</span> 
     </span>
     <span class='ocr_line' id='line_1_12' title="bbox 113 1232 749 1295; baseline 0.002 -16"><span class='ocrx_word' id='word_1_72' title='bbox 113 1232 245 1295; x_wconf 82' lang='lat' dir='ltr'>ingenium</span> <span class='ocrx_word' id='word_1_73' title='bbox 258 1234 299 1281; x_wconf 92' lang='lat' dir='ltr'>cui</span> <span class='ocrx_word' id='word_1_74' title='bbox 311 1234 352 1291; x_wconf 88' lang='lat' dir='ltr'>sit,</span> <span class='ocrx_word' id='word_1_75' title='bbox 369 1234 409 1282; x_wconf 90' lang='lat' dir='ltr'>cui</span> <span class='ocrx_word' id='word_1_76' title='bbox 422 1249 495 1282; x_wconf 91' lang='lat' dir='ltr'>meus</span> <span class='ocrx_word' id='word_1_77' title='bbox 508 1234 618 1281; x_wconf 82' lang='lat' dir='ltr'>divinior</span> <span class='ocrx_word' id='word_1_78' title='bbox 631 1241 708 1295; x_wconf 88' lang='lat' dir='ltr'>atque</span> <span class='ocrx_word' id='word_1_79' title='bbox 720 1247 749 1280; x_wconf 91' lang='lat' dir='ltr'>os</span> 
     </span>
     <span class='ocr_line' id='line_1_13' title="bbox 113 1321 794 1382; baseline 0.001 -16"><span class='ocrx_word' id='word_1_80' title='bbox 113 1335 207 1382; x_wconf 82' lang='lat' dir='ltr'>magna</span> <span class='ocrx_word' id='word_1_81' title='bbox 219 1329 375 1380; x_wconf 73' lang='lat' dir='ltr'>conaturum,</span> <span class='ocrx_word' id='word_1_82' title='bbox 392 1323 437 1371; x_wconf 86' lang='lat' dir='ltr'>des</span> <span class='ocrx_word' id='word_1_83' title='bbox 450 1322 561 1370; x_wconf 83' lang='lat' dir='ltr'>nominis</span> <span class='ocrx_word' id='word_1_84' title='bbox 573 1321 648 1369; x_wconf 87' lang='lat' dir='ltr'>huius</span> <span class='ocrx_word' id='word_1_85' title='bbox 660 1321 794 1369; x_wconf 88' lang='lat' dir='ltr'>honorem.</span> 
     </span>
     <span class='ocr_line' id='line_1_14' title="bbox 67 1409 672 1472; baseline 0.003 -17"><span class='ocrx_word' id='word_1_86' title='bbox 67 1417 98 1456; x_wconf 82' lang='grc'>45</span> <span class='ocrx_word' id='word_1_87' title='bbox 112 1409 209 1457; x_wconf 88' lang='lat' dir='ltr'>idcirco</span> <span class='ocrx_word' id='word_1_88' title='bbox 220 1410 327 1471; x_wconf 88' lang='lat' dir='ltr'>&#39;quidam</span> <span class='ocrx_word' id='word_1_89' title='bbox 339 1411 473 1458; x_wconf 77' lang='lat' dir='ltr'>comoedia</span> <span class='ocrx_word' id='word_1_90' title='bbox 485 1424 567 1458; x_wconf 90' lang='lat' dir='ltr'>necne</span> <span class='ocrx_word' id='word_1_91' title='bbox 579 1424 672 1472; x_wconf 87' lang='lat' dir='ltr'>poema</span> 
     </span>
     <span class='ocr_line' id='line_1_15' title="bbox 113 1498 713 1561; baseline 0.002 -17"><span class='ocrx_word' id='word_1_92' title='bbox 113 1505 180 1546; x_wconf 87' lang='lat' dir='ltr'>esset</span> <span class='ocrx_word' id='word_1_93' title='bbox 192 1498 348 1559; x_wconf 81' lang='lat' dir='ltr'>quaesivere,</span> <span class='ocrx_word' id='word_1_94' title='bbox 364 1499 434 1560; x_wconf 91' lang='lat' dir='ltr'>quod</span> <span class='ocrx_word' id='word_1_95' title='bbox 447 1512 507 1547; x_wconf 87' lang='lat' dir='ltr'>acer</span> <span class='ocrx_word' id='word_1_96' title='bbox 519 1499 621 1561; x_wconf 88' lang='lat' dir='ltr'>spiritus</span> <span class='ocrx_word' id='word_1_97' title='bbox 633 1513 664 1545; x_wconf 91' lang='lat' dir='ltr'>ac</span> <span class='ocrx_word' id='word_1_98' title='bbox 677 1498 713 1546; x_wconf 90' lang='lat' dir='ltr'>vis</span> 
     </span>
     <span class='ocr_line' id='line_1_16' title="bbox 113 1586 804 1650; baseline 0.001 -18"><span class='ocrx_word' id='word_1_99' title='bbox 113 1599 161 1632; x_wconf 90' lang='lat' dir='ltr'>nec</span> <span class='ocrx_word' id='word_1_100' title='bbox 173 1586 257 1633; x_wconf 88' lang='lat' dir='ltr'>verbis</span> <span class='ocrx_word' id='word_1_101' title='bbox 269 1600 317 1634; x_wconf 90' lang='lat' dir='ltr'>nec</span> <span class='ocrx_word' id='word_1_102' title='bbox 329 1587 407 1634; x_wconf 78' lang='lat' dir='ltr'>rebus</span> <span class='ocrx_word' id='word_1_103' title='bbox 417 1587 493 1645; x_wconf 80' lang='lat' dir='ltr'>inest,</span> <span class='ocrx_word' id='word_1_104' title='bbox 508 1587 557 1635; x_wconf 90' lang='lat' dir='ltr'>uisi</span> <span class='ocrx_word' id='word_1_105' title='bbox 570 1587 640 1650; x_wconf 91' lang='lat' dir='ltr'>quod</span> <span class='ocrx_word' id='word_1_106' title='bbox 653 1587 719 1650; x_wconf 92' lang='lat' dir='ltr'>pede</span> <span class='ocrx_word' id='word_1_107' title='bbox 731 1596 804 1635; x_wconf 88' lang='lat' dir='ltr'>certo</span> 
     </span>
     <span class='ocr_line' id='line_1_17' title="bbox 114 1672 790 1737; baseline 0.004 -18"><span class='ocrx_word' id='word_1_108' title='bbox 114 1672 198 1720; x_wconf 83' lang='lat' dir='ltr'>differt</span> <span class='ocrx_word' id='word_1_109' title='bbox 210 1675 331 1731; x_wconf 86' lang='lat' dir='ltr'>sermoni,</span> <span class='ocrx_word' id='word_1_110' title='bbox 347 1687 431 1722; x_wconf 87' lang='lat' dir='ltr'>sermo</span> <span class='ocrx_word' id='word_1_111' title='bbox 444 1690 538 1723; x_wconf 88' lang='lat' dir='ltr'>merus.</span> <span class='ocrx_word' id='word_1_112' title='bbox 566 1676 600 1723; x_wconf 92' lang='lat' dir='ltr'>‘at</span> <span class='ocrx_word' id='word_1_113' title='bbox 612 1683 685 1737; x_wconf 87' lang='lat' dir='ltr'>pater</span> <span class='ocrx_word' id='word_1_114' title='bbox 697 1675 790 1724; x_wconf 87' lang='lat' dir='ltr'>ardeus</span> 
     </span>
     <span class='ocr_line' id='line_1_18' title="bbox 114 1761 739 1825; baseline 0.005 -17"><span class='ocrx_word' id='word_1_115' title='bbox 114 1761 200 1818; x_wconf 83' lang='lat' dir='ltr'>saevit,</span> <span class='ocrx_word' id='word_1_116' title='bbox 217 1761 285 1822; x_wconf 91' lang='lat' dir='ltr'>quod</span> <span class='ocrx_word' id='word_1_117' title='bbox 297 1762 430 1810; x_wconf 80' lang='lat' dir='ltr'>meretrice</span> <span class='ocrx_word' id='word_1_118' title='bbox 443 1777 525 1825; x_wconf 85' lang='lat' dir='ltr'>nepos</span> <span class='ocrx_word' id='word_1_119' title='bbox 537 1764 643 1811; x_wconf 87' lang='lat' dir='ltr'>insanus</span> <span class='ocrx_word' id='word_1_120' title='bbox 656 1764 739 1811; x_wconf 87' lang='lat' dir='ltr'>amica</span> 
     </span>
     <span class='ocr_line' id='line_1_19' title="bbox 4 1842 670 1919; baseline 0.003 -21"><span class='ocrx_word' id='word_1_121' title='bbox 4 1842 5 1919; x_wconf 44' lang='lat' dir='ltr'>J</span> <span class='ocrx_word' id='word_1_122' title='bbox 68 1859 98 1898; x_wconf 85' lang='lat'>50</span> <span class='ocrx_word' id='word_1_123' title='bbox 114 1848 181 1898; x_wconf 87' lang='lat' dir='ltr'>lilius</span> <span class='ocrx_word' id='word_1_124' title='bbox 194 1862 301 1896; x_wconf 88' lang='lat' dir='ltr'>uxorem</span> <span class='ocrx_word' id='word_1_125' title='bbox 314 1849 406 1910; x_wconf 82' lang='lat' dir='ltr'>grandi</span> <span class='ocrx_word' id='word_1_126' title='bbox 419 1864 477 1897; x_wconf 88' lang='lat' dir='ltr'>cum</span> <span class='ocrx_word' id='word_1_127' title='bbox 490 1851 550 1899; x_wconf 87' lang='lat' dir='ltr'>dote</span> <span class='ocrx_word' id='word_1_128' title='bbox 561 1860 670 1910; x_wconf 85' lang='lat' dir='ltr'>recuset,</span> 
     </span>
     <span class='ocr_line' id='line_1_20' title="bbox 114 1937 797 1999; baseline 0.006 -14"><span class='ocrx_word' id='word_1_129' title='bbox 114 1937 199 1986; x_wconf 86' lang='lat' dir='ltr'>ebrius</span> <span class='ocrx_word' id='word_1_130' title='bbox 212 1944 246 1994; x_wconf 83' lang='lat' dir='ltr'>et,</span> <span class='ocrx_word' id='word_1_131' title='bbox 260 1950 382 1998; x_wconf 84' lang='lat' dir='ltr'>magnum</span> <span class='ocrx_word' id='word_1_132' title='bbox 394 1938 463 1999; x_wconf 86' lang='lat' dir='ltr'>quod</span> <span class='ocrx_word' id='word_1_133' title='bbox 478 1938 597 1996; x_wconf 88' lang='lat' dir='ltr'>dedecus,</span> <span class='ocrx_word' id='word_1_134' title='bbox 612 1940 726 1988; x_wconf 82' lang='lat' dir='ltr'>ambulet</span> <span class='ocrx_word' id='word_1_135' title='bbox 737 1948 797 1989; x_wconf 88' lang='lat' dir='ltr'>ante</span> 
     </span>
     <span class='ocr_line' id='line_1_21' title="bbox 114 2025 804 2088; baseline 0 -14"><span class='ocrx_word' id='word_1_136' title='bbox 114 2034 217 2075; x_wconf 88' lang='lat' dir='ltr'>noctem</span> <span class='ocrx_word' id='word_1_137' title='bbox 230 2039 288 2073; x_wconf 93' lang='lat' dir='ltr'>cum</span> <span class='ocrx_word' id='word_1_138' title='bbox 300 2025 419 2074; x_wconf 81' lang='lat' dir='ltr'>facibus&#39;</span> <span class='ocrx_word' id='word_1_139' title='bbox 443 2026 566 2088; x_wconf 88' lang='lat' dir='ltr'>numquid</span> <span class='ocrx_word' id='word_1_140' title='bbox 579 2027 737 2088; x_wconf 83' lang='lat' dir='ltr'>Pomponius</span> <span class='ocrx_word' id='word_1_141' title='bbox 748 2027 804 2075; x_wconf 87' lang='lat' dir='ltr'>istis</span> 
     </span>
     <span class='ocr_line' id='line_1_22' title="bbox 33 2114 655 2176; baseline -0.005 -12"><span class='ocrx_word' id='word_1_142' title='bbox 33 2159 37 2164; x_wconf 86' lang='lat'>.</span> <span class='ocrx_word' id='word_1_143' title='bbox 114 2115 212 2164; x_wconf 87' lang='lat' dir='ltr'>audiret</span> <span class='ocrx_word' id='word_1_144' title='bbox 224 2114 330 2173; x_wconf 82' lang='lat' dir='ltr'>leviora,</span> <span class='ocrx_word' id='word_1_145' title='bbox 345 2122 417 2175; x_wconf 86' lang='lat' dir='ltr'>pater</span> <span class='ocrx_word' id='word_1_146' title='bbox 429 2114 450 2162; x_wconf 91' lang='lat' dir='ltr'>si</span> <span class='ocrx_word' id='word_1_147' title='bbox 462 2114 576 2162; x_wconf 79' lang='lat' dir='ltr'>viveret?</span> <span class='ocrx_word' id='word_1_148' title='bbox 593 2128 655 2176; x_wconf 83' lang='lat' dir='ltr'>ergo</span> 
     </span>
     <span class='ocr_line' id='line_1_23' title="bbox 114 2202 763 2266; baseline -0.002 -15"><span class='ocrx_word' id='word_1_149' title='bbox 114 2218 167 2251; x_wconf 92' lang='lat' dir='ltr'>non</span> <span class='ocrx_word' id='word_1_150' title='bbox 181 2204 241 2252; x_wconf 85' lang='lat' dir='ltr'>satis</span> <span class='ocrx_word' id='word_1_151' title='bbox 255 2209 293 2252; x_wconf 86' lang='lat' dir='ltr'>est</span> <span class='ocrx_word' id='word_1_152' title='bbox 305 2202 376 2266; x_wconf 87' lang='lat' dir='ltr'>puris</span> <span class='ocrx_word' id='word_1_153' title='bbox 389 2217 488 2251; x_wconf 90' lang='lat' dir='ltr'>versum</span> <span class='ocrx_word' id='word_1_154' title='bbox 500 2203 659 2266; x_wconf 82' lang='lat' dir='ltr'>perscribere</span> <span class='ocrx_word' id='word_1_155' title='bbox 670 2203 763 2261; x_wconf 80' lang='lat' dir='ltr'>verbis,</span> 
     </span>
     <span class='ocr_line' id='line_1_24' title="bbox 68 2291 755 2353; baseline -0.001 -13"><span class='ocrx_word' id='word_1_156' title='bbox 68 2300 97 2340; x_wconf 72' lang='lat'>55</span> <span class='ocrx_word' id='word_1_157' title='bbox 113 2306 190 2353; x_wconf 89' lang='lat' dir='ltr'>quem</span> <span class='ocrx_word' id='word_1_158' title='bbox 202 2292 222 2340; x_wconf 89' lang='lat' dir='ltr'>si</span> <span class='ocrx_word' id='word_1_159' title='bbox 235 2291 369 2349; x_wconf 78' lang='lat' dir='ltr'>dissolvas,</span> <span class='ocrx_word' id='word_1_160' title='bbox 385 2291 466 2353; x_wconf 86' lang='lat' dir='ltr'>quivis</span> <span class='ocrx_word' id='word_1_161' title='bbox 479 2291 651 2340; x_wconf 76' lang='lat' dir='ltr'>stomachetur</span> <span class='ocrx_word' id='word_1_162' title='bbox 664 2291 755 2340; x_wconf 89' lang='lat' dir='ltr'>eodem</span> 
     </span>
     <span class='ocr_line' id='line_1_25' title="bbox 114 2379 823 2442; baseline 0.003 -15"><span class='ocrx_word' id='word_1_163' title='bbox 114 2394 164 2441; x_wconf 86' lang='lat' dir='ltr'>quo</span> <span class='ocrx_word' id='word_1_164' title='bbox 178 2389 329 2442; x_wconf 85' lang='lat' dir='ltr'>personatus</span> <span class='ocrx_word' id='word_1_165' title='bbox 343 2388 419 2442; x_wconf 82' lang='lat' dir='ltr'>pecto</span> <span class='ocrx_word' id='word_1_166' title='bbox 432 2387 513 2442; x_wconf 87' lang='lat' dir='ltr'>pater.</span> <span class='ocrx_word' id='word_1_167' title='bbox 540 2379 589 2438; x_wconf 88' lang='lat' dir='ltr'>his,</span> <span class='ocrx_word' id='word_1_168' title='bbox 604 2392 654 2441; x_wconf 84' lang='lat' dir='ltr'>ego</span> <span class='ocrx_word' id='word_1_169' title='bbox 667 2394 734 2442; x_wconf 86' lang='lat' dir='ltr'>quae</span> <span class='ocrx_word' id='word_1_170' title='bbox 746 2394 823 2439; x_wconf 89' lang='lat' dir='ltr'>nunc,</span> 
     </span>
     <span class='ocr_line' id='line_1_26' title="bbox 113 2467 647 2531; baseline 0 -16"><span class='ocrx_word' id='word_1_171' title='bbox 113 2468 174 2515; x_wconf 92' lang='lat' dir='ltr'>olim</span> <span class='ocrx_word' id='word_1_172' title='bbox 188 2484 253 2530; x_wconf 84' lang='lat' dir='ltr'>quae</span> <span class='ocrx_word' id='word_1_173' title='bbox 266 2468 368 2531; x_wconf 88' lang='lat' dir='ltr'>scripsit</span> <span class='ocrx_word' id='word_1_174' title='bbox 379 2467 504 2528; x_wconf 87' lang='lat' dir='ltr'>Lucilius,</span> <span class='ocrx_word' id='word_1_175' title='bbox 519 2469 613 2530; x_wconf 90' lang='lat' dir='ltr'>eripias</span> <span class='ocrx_word' id='word_1_176' title='bbox 626 2467 647 2516; x_wconf 87' lang='lat' dir='ltr'>si</span> 
     </span>
     <span class='ocr_line' id='line_1_27' title="bbox 112 2556 855 2619; baseline 0.003 -16"><span class='ocrx_word' id='word_1_177' title='bbox 112 2563 227 2618; x_wconf 84' lang='lat' dir='ltr'>tempora</span> <span class='ocrx_word' id='word_1_178' title='bbox 245 2564 313 2605; x_wconf 84' lang='lat' dir='ltr'>certa</span> <span class='ocrx_word' id='word_1_179' title='bbox 331 2556 476 2618; x_wconf 88' lang='lat' dir='ltr'>modosque</span> <span class='ocrx_word' id='word_1_180' title='bbox 489 2566 515 2605; x_wconf 89' lang='lat' dir='ltr'>et</span> <span class='ocrx_word' id='word_1_181' title='bbox 527 2556 596 2619; x_wconf 90' lang='lat' dir='ltr'>quod</span> <span class='ocrx_word' id='word_1_182' title='bbox 609 2557 679 2619; x_wconf 87' lang='lat' dir='ltr'>prius</span> <span class='ocrx_word' id='word_1_183' title='bbox 693 2556 784 2605; x_wconf 86' lang='lat' dir='ltr'>ordine</span> <span class='ocrx_word' id='word_1_184' title='bbox 801 2571 855 2606; x_wconf 85' lang='lat' dir='ltr'>vcr-</span> 
     </span>
     <span class='ocr_line' id='line_1_28' title="bbox 471 2646 557 2694; baseline 0.023 -2"><span class='ocrx_word' id='word_1_185' title='bbox 471 2646 557 2694; x_wconf 87' lang='lat' dir='ltr'>bumst</span> 
     </span>
    </p>
   </div>
   <div class='ocr_carea' id='block_1_3' title="bbox 0 0 964 3117">
    <p class='ocr_par' dir='ltr' id='par_1_3' title="bbox 0 0 964 3117">
     <span class='ocr_line' id='line_1_29' title="bbox 0 0 964 3117; baseline 0 1"><span class='ocrx_word' id='word_1_186' title='bbox 0 0 964 3117; x_wconf 95' lang='lat' dir='ltr'> </span> 
     </span>
    </p>
   </div>
  </div>
 </body>
</html>
