1917 3117
132 168 185 219 272
388 171 601 212 nrmruanaun
941 94 952 221 i

130 342 179 376 nec
192 343 285 391 sequar
298 337 342 377 aut
353 329 450 390 fugiam
463 343 529 392 quae
542 329 624 391 diligit
640 329 697 392 ipae
708 329 748 376 vel
762 328 826 388 odit,
944 224 951 391 1

129 417 195 466 olim
202 419 278 479 ‘qnod
291 418 380 479 volpes
394 426 501 480 aegroto
514 426 590 465 cauta
601 418 671 465 leoni
941 418 952 506 p

130 506 264 568 respondit
275 506 399 555 referam:
420 507 490 568 ‘quia
502 520 542 553 mo
555 506 661 567 vestigia
673 513 776 564 terrent,
949 506 951 509 ’

82 603 116 643 'lt
131 595 218 643 omnia
230 602 255 642 te
268 594 402 645 adversum
415 595 566 657 spectantia,
581 595 654 643 nulla
666 595 827 642 retrorsum)

131 684 207 733 belna
219 684 358 732 multorum
370 696 396 731 ea
411 683 532 745 capitum.
560 697 620 730 nam
633 682 693 745 quid
708 697 801 745 sequar
813 691 859 731 aut

493 771 584 834 quem?

130 875 190 924 pars
203 861 336 909 hominum
349 860 425 922 gestit
438 860 582 908 conducero
595 860 714 922 publioa;
734 866 794 908 sunt
807 859 852 922 qui

60 976 88 991 ν
132 950 222 998 crustis
236 957 261 998 et
273 949 357 1012 pomis
370 948 459 996 viduae
471 956 596 997 venentur
608 963 697 996 avaras

131 1037 312 1101 excipiantque
325 1050 400 1085 sanos
414 1051 478 1098 quos
492 1036 519 1084 in
532 1037 625 1085 vivaria
635 1036 753 1096 mittant3

82 1135 116 1176 80
132 1128 218 1176 multis
232 1126 333 1174 occulto
347 1126 439 1174 crescit
450 1140 491 1174 rea
503 1125 602 1174 fenore.
630 1139 717 1173 verum

132 1224 186 1264 esto
200 1215 258 1263 aliia
271 1214 336 1262 alioa
348 1216 423 1262 rebus
437 1214 578 1276 studiisque
591 1213 688 1262 tenori:

130 1304 199 1352 idom
212 1303 301 1352 eadem
313 1310 422 1365 possunt
433 1303 525 1351 horam
539 1302 631 1349 durare
644 1301 802 1365 probantes?

130 1392 227 1441 ‘nullus
239 1391 267 1440 in
280 1392 342 1440 orbe
355 1391 425 1438 sinus
437 1391 508 1439 Baiis
521 1392 655 1454 praelucet
667 1390 792 1439 amoenis'
947 1386 952 1421 ³

132 1480 153 1528 ai
166 1480 230 1528 dixit
242 1480 321 1539 dives,
337 1480 407 1529 lacus
421 1486 447 1527 et
458 1494 529 1527 mare
546 1480 624 1528 sentit
636 1493 750 1528 amorem

83 1576 117 1618 85
131 1567 275 1617 festinantis
288 1568 338 1615 en':
359 1568 400 1615 cui
412 1568 434 1616 ai
447 1568 539 1616 vitiosa
550 1567 637 1617 libidov

131 1655 221 1705 fecerit
233 1656 381 1718 auspicium,
398 1671 453 1705 crae
466 1657 622 1707 ferramenta
634 1656 751 1705 Teanum

131 1746 235 1804 tolletis,
250 1745 326 1792 fabri.
354 1745 433 1794 lectus
446 1745 555 1806 genialis
568 1746 595 1793 in
608 1747 704 1794 aulaat:

131 1836 167 1883 nil
180 1834 215 1883 ait
227 1847 284 1882 ease
297 1833 377 1897 prius,
392 1835 483 1882 melias
496 1833 534 1882 nil
547 1835 646 1883 caelibe
658 1834 722 1882 vita:

131 1924 153 1971 si
165 1938 218 1971 non
232 1931 279 1982 ost,
293 1912 360 1970 iurat
372 1923 438 1971 bane
450 1922 513 1970 solis
530 1937 587 1971 ease
598 1923 706 1972 maritis.

82 2021 116 2062 to
132 2026 182 2075 qno
196 2020 298 2061 teneam
310 2011 394 2059 voltus
407 2018 548 2059 mutantem
560 2011 655 2059 Protea
667 2010 755 2059 nodo?

132 2100 192 2164 quid
206 2099 321 2163 pauper?
339 2099 407 2147 ride:
428 2107 510 2148 mutat
521 2100 654 2159 cenacula,
669 2100 759 2157 lectoS,

131 2191 232 2248 balnea,
246 2196 375 2248 tonsores,
391 2190 517 2238 conducto
531 2188 634 2250 navigio
647 2202 728 2250 aeque

66 2310 86 2321 κ
131 2286 239 2326 nauseat
250 2291 280 2324 ac
293 2277 410 2339 locuples
423 2291 500 2340 quem
512 2277 581 2325 ducit
593 2278 665 2340 priva
676 2275 796 2325 triremis.

131 2366 152 2412 ai
165 2373 266 2413 curatus
279 2365 411 2427 inaequali
422 2371 529 2414 tonsore
541 2367 650 2429 capillos

83 2460 117 2500 95
133 2467 248 2509 occurro,
263 2452 347 2512 rides3
362 2454 384 2501 si
396 2453 463 2500 forto
476 2455 602 2502 subucula
614 2469 697 2517 pexae

131 2539 191 2586 trita
203 2539 291 2588 subest
302 2540 406 2588 tunicae
419 2541 460 2589 vel
472 2540 495 2588 ai
506 2546 568 2602 toga
581 2542 687 2591 dissidet
698 2542 781 2604 inpar,

131 2626 212 2674 n'des:
229 2627 299 2688 quid,
314 2638 372 2700 mea
383 2641 442 2675 oum
456 2636 555 2690 pugnat
567 2631 697 2678 sententia
709 2644 806 2687 seeum,
