1917 3117
140 205 193 254 338
440 206 572 244 unsara

141 363 218 412 latior
229 363 349 426 amplecti
361 376 448 411 murus
460 363 573 425 vinoque
587 364 678 411 diurno

78 460 128 502 21⁰
143 451 241 515 placari
255 450 351 501 Genius
364 451 436 500 fastis
449 452 547 514 inpune
560 453 658 511 diebus,

142 541 250 589 accessit
261 539 424 602 numerisque
437 540 572 602 modisque
585 541 690 590 licentia
702 541 792 589 maior.

142 628 261 677 indoctus
275 628 336 691 quid
349 627 417 676 enim
430 636 531 690 saperet
544 628 659 690 liberque
673 629 799 687 labomm,

143 718 251 766 rusticus
265 718 363 765 urbano
376 717 508 773 confusus,
524 717 604 780 turpis
616 716 746 766 honesto?

142 808 179 855 sic
191 808 291 870 priscae
303 814 454 869 motumque
467 814 493 855 et
505 807 632 855 luxuriem
645 806 742 854 addidit
754 805 802 854 arti

78 904 127 945 215
142 895 236 944 tibicen
250 895 378 958 traxitque
390 909 469 958 vagus
482 910 529 958 per
540 895 640 959 pulpita
652 902 761 954 vestem;

142 984 179 1031 sic
192 983 270 1032 etiam
281 983 373 1031 fidibus
386 997 462 1031 voces
477 997 579 1032 crevere
592 983 695 1042 severis,

142 1080 168 1120 et
180 1072 238 1121 tulit
251 1073 382 1135 eloquium
394 1072 528 1120 insolitum
542 1072 663 1120 facundia
675 1086 807 1135 praeceps,

141 1160 292 1223 utiliumque
306 1175 387 1223 sagax
399 1175 484 1208 rerum
497 1168 523 1209 et
535 1160 621 1208 divina
633 1161 711 1209 futuri

140 1248 270 1311 sortilegis
282 1262 336 1296 non
350 1248 490 1312 discrepuit
502 1249 630 1298 sententia
641 1248 759 1312 Delphis.

77 1343 126 1385 220
142 1337 256 1385 carmine
269 1337 313 1399 qui
325 1337 423 1399 tragico
436 1337 512 1385 vilem
525 1337 630 1386 certavit
642 1338 675 1385 ob
689 1337 795 1395 hircum,

139 1440 202 1473 mox
214 1426 291 1474 etiam
305 1425 412 1488 agrestis
426 1432 527 1486 satyros
540 1425 645 1473 undavit
659 1432 684 1474 et
696 1438 772 1488 asper

139 1513 263 1561 incolumi
275 1514 398 1576 gravitate
410 1514 496 1562 iocum
508 1513 641 1577 temptavit
654 1527 685 1562 eo
698 1514 768 1576 quod

139 1601 276 1650 inlecebris
290 1609 345 1649 erat
358 1609 383 1650 et
396 1609 470 1664 grata
482 1602 596 1650 novitate
609 1602 749 1650 morandus

138 1698 270 1752 spectator
282 1689 437 1752 functusque
450 1691 529 1738 sacris
542 1698 568 1739 et
579 1699 655 1753 potus
669 1698 695 1739 et
707 1690 793 1738 exlex.

75 1786 125 1827 225
139 1792 227 1826 verum
238 1778 275 1827 its
287 1779 391 1837 risores,
405 1779 442 1827 ita
456 1778 637 1827 commendare
651 1778 744 1827 dicacis

140 1866 275 1915 conveniet
288 1874 397 1928 satyros,
412 1866 449 1915 ita
460 1875 559 1915 vertere
572 1868 640 1915 seria
652 1867 722 1922 ludo,

139 1969 173 2003 ne
187 1955 339 2017 quicumque
352 1956 423 2014 deus,
439 1956 593 2018 quicumque
605 1955 768 2004 adhibebitur
779 1955 873 2017 heros,

79 2020 83 2037 ⁸
140 2043 220 2105 regali
234 2051 387 2105 conspectus
400 2043 427 2092 in
440 2058 502 2091 auro
515 2059 599 2106 nuper
609 2051 635 2092 et
647 2051 727 2102 ostro,

140 2131 233 2193 migret
244 2130 270 2179 in
285 2132 405 2179 obscuras
419 2132 508 2180 humili
520 2147 639 2181 sermone
651 2133 780 2190 tabernas,

76 2225 124 2267 230
140 2228 191 2278 eut,
208 2219 268 2268 dum
281 2219 342 2269 uitat
354 2220 468 2279 humum,
485 2222 560 2270 nubis
573 2231 599 2269 et
610 2221 698 2270 inania
710 2228 806 2283 captet.

139 2308 237 2357 effutire
250 2308 311 2357 levis
324 2309 433 2371 indigna
444 2309 577 2372 tragoedia
589 2324 685 2368 versus,

139 2404 167 2442 ut
179 2395 250 2444 sestis
263 2404 381 2445 matrona
392 2400 490 2446 moveri
501 2399 572 2446 iussa
592 2398 691 2456 diebus,

139 2482 253 2531 intererit
266 2485 357 2546 satyris
371 2486 487 2548 paullum
499 2487 649 2549 pudibunda
661 2485 787 2549 protervis

139 2581 193 2614 nou
207 2583 254 2630 ego
267 2571 387 2620 inornata
399 2580 424 2622 et
437 2574 597 2623 dominantia
609 2576 715 2623 nomina
727 2574 817 2623 solum

75 2659 124 2700 2³5
140 2654 277 2717 verbaque,
292 2658 408 2718 Pisones,
424 2670 569 2723 satyrorum
581 2664 691 2725 scriptor
705 2663 812 2723 amabo,
