1917 3117
105 179 156 230 148
400 179 565 219 castrinum

108 338 200 386 deiecit
212 352 271 386 acer
283 338 341 399 plus
353 337 407 386 vice
421 337 539 399 simplici.

108 427 190 475 maior
202 427 332 474 Neronum
344 441 406 475 mox
419 441 496 488 grave
509 426 635 488 proelium

58 526 87 567 15
108 516 227 565 conmisit
238 516 399 577 inmanisque
411 514 508 562 Raetos

109 604 228 667 auspiciis
242 602 340 667 pepulit
352 602 481 662 secundis,

109 747 263 811 spectandus
276 747 303 794 in
317 746 454 794 certamine
466 746 560 793 Martio

109 837 201 885 devota
212 835 288 884 morti
301 844 405 898 pectora
418 835 515 884 liberae

110 925 212 988 quantis
226 925 346 987 fatigaret
357 924 445 983 ruinis,

57 1022 88 1063 20
108 1015 245 1063 indomitas
259 1029 341 1077 prope
354 1013 437 1076 qualis
455 1013 538 1061 undas

110 1164 213 1205 exercet
225 1164 318 1214 auster,
333 1155 464 1218 pleiadum
476 1155 556 1203 choro

109 1245 243 1294 scindente
255 1244 340 1304 nubis,
354 1244 457 1307 inpiger
468 1244 580 1292 hostium

109 1348 204 1384 vexare
217 1342 312 1381 turmas
326 1341 351 1382 et
364 1334 515 1383 frementem

110 1423 208 1471 mittere
222 1437 315 1485 equum
327 1422 425 1470 medios
438 1437 484 1485 per
495 1422 572 1484 ignis.

56 1574 90 1615 ⁴25
111 1566 148 1613 sic
161 1563 316 1613 tauriformis
328 1564 437 1613 volvitur
448 1564 566 1623 Aufidus,

112 1654 155 1716 qui
169 1668 249 1717 regna
262 1653 348 1700 Dauni
361 1653 478 1715 praefluit
491 1653 596 1715 Appuli‚

112 1758 170 1790 cum
183 1742 263 1790 saevit
275 1742 483 1804 horrendamque
494 1741 569 1790 cultis

112 1831 232 1880 diluviem
245 1831 380 1879 meditatur
392 1832 470 1893 agris,

111 1981 140 2022 ut
153 1975 318 2023 barbarorum
332 1974 453 2023 Claudius
466 1973 571 2035 agmina

61 2070 91 2110 30
112 2062 207 2111 serrata
219 2071 291 2111 vasto
305 2063 381 2112 diruit
392 2064 482 2126 inpetu

113 2151 259 2215 primosque
272 2160 297 2200 et
310 2161 436 2201 extremos
449 2152 569 2200 metendo

112 2242 200 2290 stravit
212 2241 325 2299 humum,
341 2241 397 2289 sinc
411 2241 484 2289 clade
496 2241 586 2298 victor,

112 2391 138 2431 te
151 2382 248 2446 copias,
262 2391 287 2431 te
300 2382 472 2432 consiliumet
484 2393 541 2431 tuos

114 2473 253 2534 praebente
266 2472 347 2520 divos.
374 2487 435 2520 narn
447 2472 493 2521 tibi
507 2487 558 2535 quo
572 2472 613 2520 die

62 2569 92 2609 35
114 2567 203 2622 portus
215 2561 381 2609 Alexandrea
393 2562 502 2624 supplex

113 2656 138 2695 et
150 2661 256 2696 vacuam
269 2650 389 2711 patefecit
402 2651 497 2708 aulam,
