1917 3117
403 211 492 249 umen
505 211 526 248 1.

59 377 89 417 15
104 369 230 417 fastidiret
241 369 298 416 elus
311 368 355 430 qui
368 381 410 415 me
423 367 517 416 notet.³
541 367 622 415 utrius
635 367 728 415 horum

103 458 181 505 verbs
191 458 286 520 prebes
299 464 325 505 et
335 456 405 504 fecte
417 456 493 514 doce,
508 456 547 503 vel
560 455 645 503 iunior
657 455 717 503 audi

104 561 148 594 cur
160 547 192 593 sit
205 544 330 607 Aristippi
343 544 429 606 potior
441 544 578 592 sententia.
605 557 717 606 namque

103 636 250 682 mordacem
263 633 379 694 cynicum
390 632 427 679 sic
440 631 570 688 eludebat,
586 631 705 690 ateium,

102 721 211 769 ‘scurror
224 734 273 783 ego
284 720 341 782 ipse
353 719 423 779 mihi,
439 721 537 782 populo
549 728 593 767 tu:
613 720 705 768 rectius
717 719 768 767 hoc
780 729 806 767 et

57 817 88 858 ιο
104 808 263 872 splendidius
271 808 352 856 multe
365 814 412 856 est.
433 821 514 870 equus
526 815 554 855 ut
565 822 606 856 me
620 815 713 870 portet,
722 808 775 855 alet
784 822 838 867 rex,

105 896 219 944 officinm
231 896 299 944 secio
308 912 321 942 :l
336 904 366 944 tu
377 896 464 958 poscis
477 896 537 944 vilie
549 911 642 955 rerum,

104 985 182 1032 dente
193 985 285 1042 minor,
302 984 415 1047 quumvis
429 983 480 1032 fers
492 992 518 1032 te
530 984 626 1031 nullius
639 985 777 1047 egentem.¹

105 1072 189 1120 omnis
201 1072 361 1134 Aristippum
374 1073 458 1120 decuit
471 1072 545 1120 color
556 1079 582 1120 et
593 1079 673 1120 status
687 1080 773 1130 utres,

103 1167 271 1222 temptantem
282 1161 390 1219 meiere,
404 1160 460 1209 fere
471 1159 650 1223 praesentibus
667 1175 785 1223 aequum.

56 1256 88 1297 25
103 1255 203 1306 contre,
218 1263 294 1310 quem
307 1248 402 1312 duplici
414 1263 503 1311 penne
520 1247 646 1310 patientis
657 1249 733 1307 velet,

102 1338 224 1397 curabor,
239 1336 305 1385 ritae
317 1336 391 1385 viesi
409 1350 534 1386 converse
547 1337 656 1387 decebit.

103 1426 168 1475 slter
179 1441 335 1489 purpureum
347 1440 401 1473 non
414 1426 575 1488 exspectabit
586 1425 715 1483 amictum,

104 1514 229 1576 quidlibet
238 1515 341 1563 indutus
354 1514 521 1564 celeberrime
532 1529 581 1577 per-
590 1514 649 1562 loce
661 1514 736 1562 redet

104 1616 294 1665 personamque
305 1602 370 1651 leret
382 1618 437 1652 non
447 1604 619 1651 inconcinnus
631 1611 779 1664 utramque:

57 1698 90 1740 30
105 1689 169 1737 ulter
181 1690 263 1738 Mileti
274 1697 371 1738 textum
383 1705 447 1739 cene
459 1690 533 1753 peius
547 1698 573 1738 et
585 1691 664 1752 engni

104 1777 193 1825 vitabit
206 1778 375 1838 chlamydem,
390 1778 513 1826 morietur
524 1777 630 1840 frigore,
645 1779 666 1825 si
682 1793 735 1827 non

105 1865 230 1913 rettuleris
244 1879 367 1927 pannum.
394 1865 462 1913 refer
474 1872 500 1912 et
512 1865 568 1914 eine
579 1865 647 1913 vivet
657 1865 768 1928 ineptus.

103 1967 144 2001 res
157 1966 255 2015 gerere,
271 1961 296 2001 et
308 1961 399 2016 captos
412 1953 550 2001 ostendere
562 1952 658 2000 civibus
670 1953 762 2012 hostis,

104 2039 207 2102 attingit
220 2041 314 2089 solium
326 2041 393 2089 Ion's
407 2049 432 2090 et
443 2041 565 2090 caelestia
576 2048 693 2103 temptet.

57 2139 89 2180 35
104 2129 262 2192 principibus
274 2130 402 2193 placuisse
413 2130 471 2178 viris
484 2144 538 2177 non
549 2128 640 2177 ultime
652 2129 707 2178 lens
720 2137 768 2178 est.

104 2232 159 2265 nou
173 2218 251 2266 cuivis
264 2218 363 2266 homini
375 2218 503 2280 contingit
513 2218 584 2266 edire
596 2217 757 2267 Corinthum.

105 2305 179 2365 sedit,
195 2307 238 2368 qui
250 2306 334 2353 timuit
346 2318 379 2354 ne
391 2320 445 2354 non
458 2308 619 2355 succederet:
640 2314 705 2355 este.

105 2394 186 2456 quid?
204 2395 247 2456 qni
261 2395 376 2457 pervenit
387 2394 483 2444 fecitne
495 2394 618 2443 viriliter?
636 2395 706 2457 nurui

105 2482 146 2529 hic
166 2488 217 2540 est,
240 2490 284 2530 eut
298 2497 439 2546 nusquam,
462 2484 531 2546 quod
545 2483 699 2545 quaerimus.
721 2483 763 2531 hic
775 2498 842 2532 onus

466 2572 562 2630 horret,

58 2666 91 2707 40
106 2665 135 2706 ut
147 2658 231 2719 parvis
245 2660 336 2707 animis
349 2668 374 2709 et
387 2674 466 2723 perve
481 2674 589 2723 corpore
601 2661 698 2708 meins:
