1917 3117
136 195 189 246 328
393 196 607 234 EPISTULARUM

136 368 206 401 nunc
214 368 299 416 prece,
307 368 377 400 nune
384 353 476 415 pretio,
486 352 594 410 nunovi,
603 367 673 400 nune
679 359 761 400 morte
767 366 887 414 supremo

136 450 265 505 permutet
277 442 395 489 dominos
410 449 435 489 et
448 442 523 489 cedet
534 440 562 488 in
575 440 656 488 ultera
667 440 732 488 inre.

75 539 121 580 175
137 531 174 578 sie
187 531 248 592 quio
260 538 396 592 perpetuus
410 529 475 578 nulli
489 531 563 577 detur
576 543 636 576 usus
649 529 760 577 etheree

137 620 259 668 heredem
271 619 376 668 ulterius
389 619 459 666 velut
470 619 540 666 unde
552 618 699 680 supervenit
710 616 817 676 undam,

137 708 198 770 quid
211 707 258 755 vici
271 714 380 769 prosunt
393 714 437 755 ant
449 706 558 755 horrea?
577 706 678 768 quide
683 706 800 754 Calabris

140 797 246 844 saltibus
260 796 353 843 adiecti
366 795 475 854 Lucani,
491 795 512 842 si
525 796 597 843 metit
611 794 692 842 Oreus

137 885 246 946 grandia
258 899 316 932 eum
329 885 423 947 parvis,
437 898 492 931 non
506 884 646 931 exorabilis
659 882 740 939 auro?

76 981 123 1022 180
138 987 261 1034 gemmas,
279 987 399 1030 marmor,
416 973 488 1030 ebur,
503 972 639 1032 Tyrrhena
651 971 745 1033 sigilla,
760 970 879 1023 tabellas.

138 1068 280 1124 argentum,
295 1061 370 1108 vestis
385 1059 494 1108 Gaetulo
506 1059 603 1106 murice
615 1060 717 1117 tinetas,

138 1158 198 1198 sunt
210 1150 253 1211 qui
265 1164 320 1197 non
332 1149 453 1209 habeant,
468 1155 509 1196 est
521 1148 564 1210 qui
578 1162 631 1195 non
645 1155 716 1195 curat
727 1148 834 1196 hebere.

140 1253 185 1286 eur
198 1238 261 1286 alter
273 1237 381 1286 fratrum
394 1250 494 1285 cessere
508 1244 534 1284 et
546 1236 634 1284 ludere
648 1244 673 1283 et
683 1236 764 1297 ungui

140 1326 268 1390 praeferat
281 1325 392 1374 Herodis
405 1324 524 1386 palmetis
537 1324 683 1386 pinguibus,
699 1324 765 1371 alter

77 1424 125 1465 185
139 1416 210 1463 dives
223 1422 248 1462 et
259 1415 412 1475 inportunus
426 1413 458 1460 ad
471 1413 588 1460 umbram
601 1413 666 1460 lueis
679 1413 711 1459 eb
725 1421 783 1461 ortu

140 1504 281 1552 silvestrem
293 1501 402 1549 flammis
416 1509 442 1549 et
454 1501 522 1549 ferro
535 1501 634 1563 mitiget
647 1516 746 1563 agrum,

141 1592 188 1639 seit
201 1590 307 1648 Genius,
324 1591 410 1638 natale
423 1603 510 1637 eomes
524 1590 568 1651 qui
579 1597 706 1652 temperet
717 1584 823 1649 ostrum,

140 1686 248 1726 naturae
262 1679 322 1726 deus
335 1679 473 1738 humanae,
488 1678 603 1726 mortalis
616 1679 643 1726 in
656 1694 736 1726 unum

141 1767 262 1828 quodque
274 1773 361 1828 eaput,
376 1767 447 1814 voltu
460 1767 598 1824 mutabilis,
614 1767 688 1815 albus
701 1775 727 1815 et
739 1775 804 1815 ater.

80 1863 126 1903 190
140 1862 197 1902 utor
210 1862 235 1903 et
248 1869 281 1902 ex
293 1855 395 1901 modico
410 1861 534 1915 quantum
545 1869 585 1902 res
598 1864 688 1917 poscet
699 1869 790 1904 acervo

140 1944 240 2001 tollam,
256 1956 303 1990 neo
315 1949 428 1990 metuam
441 1943 502 2004 quid
516 1942 548 1990 de
561 1957 601 1990 me
614 1943 710 1991 iudicet
722 1944 805 2003 heres,

142 2031 210 2093 quod
223 2044 278 2078 non
291 2031 366 2093 pluro
379 2030 444 2078 datis
457 2031 595 2079 invenerit:
618 2039 741 2080 ettamen
753 2032 823 2080 idem

142 2119 207 2167 seire
219 2120 313 2178 volem,
330 2127 454 2181 quantum
468 2119 579 2180 simplex
590 2119 731 2182 hilarisque
743 2122 834 2183 nepoti

142 2208 269 2270 discrepet
281 2215 306 2255 et
318 2216 445 2270 quantum
456 2208 584 2256 discordet
595 2222 688 2270 porcus
702 2223 787 2256 evoro.

80 2304 127 2345 195
143 2295 218 2344 distet
226 2296 303 2355 enim,
314 2310 420 2357 spargas
431 2303 476 2344 tua
482 2297 604 2359 prodigus
616 2312 650 2344 nn
662 2312 745 2360 neque
757 2308 885 2361 sumptum

141 2384 235 2431 invitus
247 2383 327 2432 facies
341 2398 424 2446 neque
438 2384 512 2446 plura
523 2400 615 2448 perere
628 2387 741 2446 labores,

142 2485 172 2517 ao
185 2471 280 2533 potins,
295 2485 359 2533 puer
371 2479 398 2519 ut
409 2472 480 2520 festis
495 2473 691 2536 quinquatribus
705 2475 776 2535 olim,

143 2557 236 2618 exiguo
250 2565 376 2620 gratoque
388 2559 480 2606 frueris
493 2568 608 2623 tempore
621 2563 723 2625 raptim.

142 2644 276 2705 pauperies
289 2646 413 2692 inmunde
425 2649 516 2708 procul
529 2649 619 2710 procul
632 2650 710 2697 obsit:
726 2664 775 2712 ego
788 2660 872 2698 utrum
