1917 3117
373 215 462 253 LIBER
478 216 511 253 11.

81 374 213 436 praeclara
226 373 341 421 sublatus
356 372 445 431 aletur,
461 387 494 421 ne
506 372 670 420 manifestum

81 462 184 510 caelibis
199 462 348 524 obsequium
361 462 441 509 nudet
457 470 491 518 te,
507 460 599 509 leniter
611 462 638 509 in
651 476 724 524 spem

80 551 175 613 adrepe
187 550 327 609 officiosus,
342 558 370 599 ut
382 558 407 598 et
420 550 531 598 scribare
543 551 669 598 secundus

81 640 154 689 heres
168 647 201 697 et,
218 638 298 700 siquis
312 654 385 686 casus
400 653 507 701 puerum
519 639 600 700 egerit
612 637 691 696 Orco,

30 737 65 775 au
80 729 107 775 in
120 742 227 775 vacuum
239 727 342 775 venias:
364 742 467 790 perraro
482 728 546 774 haec
558 727 616 775 alea
627 726 714 775 fallit·

81 816 124 878 qui
137 823 318 864 testamentum
331 816 414 864 tradet
425 815 472 864 tibi
485 830 594 877 cumque
607 816 753 878 legendum,

80 905 193 953 abnuere
206 913 232 953 et
244 906 345 953 tabulas
357 920 373 952 a
385 915 411 953 te
424 919 556 953 removere
566 913 703 963 memento,

81 994 118 1041 sic
130 1001 216 1041 tamen
229 1002 256 1042 ut
269 994 334 1041 iiruis
348 995 441 1056 rapias,
457 994 518 1056 quid
531 994 614 1056 prima
626 994 740 1041 secundo

80 1096 140 1131 cera
152 1083 212 1131 velit
224 1096 313 1142 versu3
329 1084 408 1140 solus,
424 1082 544 1130 multisne
557 1083 672 1141 ecberte,

30 1182 63 1221 55
78 1172 161 1220 veloci
174 1184 293 1233 percurre
305 1171 389 1218 oculo.
418 1171 568 1233 plerumque
582 1179 697 1218 recoctus

80 1262 165 1308 scriba
177 1274 210 1308 ex
223 1260 389 1322 quinqueviro
403 1274 507 1307 corvum
519 1260 624 1309 deludet
636 1260 757 1319 hiantem,

68 1356 247 1411 vcaptatorque
260 1349 330 1397 dabit
342 1350 407 1396 risus
420 1348 514 1397 Nasica
528 1348 652 1396 Corano.'

79 1453 142 1486 num
154 1438 214 1486 furis
227 1454 260 1486 an
273 1439 385 1501 prudeus
398 1438 464 1485 ludis
477 1452 519 1486 rne
532 1438 641 1485 obscura
653 1438 787 1486 cauendo?

79 1526 104 1572 ‘0
117 1525 262 1586 Laertiade,
278 1525 401 1588 quidquid
416 1526 499 1574 dicam
512 1534 556 1574 aut
568 1526 615 1573 erit
627 1535 670 1574 aut
683 1541 750 1574 non:

30 1625 63 1664 60
81 1613 195 1662 divinare
209 1615 302 1662 etenim
315 1628 423 1675 maguus
436 1614 499 1662 mihi
512 1615 591 1662 donat
603 1615 721 1677 Apollo.³

82 1700 145 1763 quid
156 1707 242 1748 tamen
254 1700 304 1748 ista
316 1702 376 1749 velit
388 1702 436 1748 sibi
450 1703 546 1760 fabula,
563 1703 583 1749 si
597 1702 664 1761 licet,
681 1704 737 1752 ede.

79 1790 211 1851 ‘tempora
227 1803 278 1850 quo
291 1788 387 1837 iuvenis
401 1790 502 1838 Parthis
514 1791 666 1850 horrendus,
682 1792 713 1839 ab
727 1792 781 1840 alto

80 1879 218 1927 demissum
231 1890 312 1939 genus
325 1879 423 1936 Aenea,
439 1879 531 1927 tellure
544 1880 657 1941 marique

79 1982 189 2030 magnus
203 1965 258 2024 erit,
274 1966 334 2013 forti
347 1967 425 2014 nubet
437 1981 546 2029 procera
560 1966 663 2015 Corano

30 2068 63 2108 65
82 2057 134 2104 filia
146 2056 264 2115 Nasicae,
280 2056 415 2104 metuentis
428 2058 535 2105 reddere
549 2056 661 2104 acidum.

81 2152 134 2193 tum
147 2160 226 2208 gener
239 2145 288 2192 hcc
301 2145 392 2193 saciet:
408 2145 510 2193 tabulas
523 2159 614 2192 socero
628 2145 698 2193 dabit
711 2153 788 2208 atque

82 2241 110 2281 ut
122 2234 192 2295 lcgat
204 2234 302 2293 orabit3
323 2233 431 2281 multum
444 2232 538 2281 Nasica
551 2242 657 2295 negatas

81 2322 189 2384 accipiet
201 2323 305 2370 tandan
318 2329 344 2369 et
355 2322 445 2370 tacitus
458 2322 534 2384 leget,
549 2322 712 2384 invenietque

81 2410 118 2458 nil
131 2410 178 2458 sibi
191 2411 304 2472 legatum
317 2421 418 2474 praeter
429 2413 532 2475 plorare
542 2412 655 2473 suisque.

32 2509 65 2548 70
81 2498 144 2546 illud
159 2498 190 2546 ad
204 2499 266 2547 haee
279 2500 370 2548 iubeo:
390 2501 481 2549 mulier
494 2501 515 2548 si
528 2501 594 2549 forte
608 2501 699 2549 dolosa

81 2584 217 2635 libertusve
231 2602 320 2635 senem
334 2588 439 2636 delirum
452 2598 584 2651 temperet,
600 2589 651 2637 iliis
706 2645 710 2650 δ

82 2675 189 2723 accedas
202 2677 301 2736 socius3
322 2678 420 2737 laudes,
436 2678 547 2727 lauderis
560 2686 588 2727 ut
600 2680 702 2727 absens.

866 1685 880 1708 θ
