1917 3117
379 164 468 201 amna
482 166 513 201 11.
757 163 809 212 317

86 334 221 382 poenaque
233 320 293 377 lata,
302 320 371 366 malo
385 334 450 381 quae
456 320 539 368 nollet
546 321 659 368 carmine
667 336 821 384 quemqnam

85 408 201 456 describi.
229 415 328 455 vertere
341 408 454 465 modum,
469 408 607 457 fornudine
619 409 693 456 fustis

18 505 70 545 155
85 497 117 542 ad
130 497 196 544 bene
210 496 346 544 dicendum
363 496 593 559 delectandumque
606 497 712 544 redacti.

86 584 194 633 Graecia
206 593 282 646 capta
294 585 375 632 ferum
388 585 511 632 victorem
524 586 591 647 cepit
603 593 628 633 et
640 585 700 632 artis

84 673 171 720 intulit
183 673 277 734 agresti
289 673 375 720 Latio.
403 674 439 720 sio
452 674 571 720 horridus
584 673 628 720 ille

85 761 190 808 defluxit
202 775 322 808 numerus
336 760 470 808 Saturnius
484 770 510 809 et
522 776 598 823 grave
612 761 680 809 virus

85 849 224 896 munditiae
238 850 373 912 pepulere:
395 851 440 897 sed
452 851 479 897 in
493 851 599 912 longum
611 857 697 898 tamen
711 864 800 897 aevum

18 947 70 987 160
85 945 233 985 manserunt
245 938 373 1003 hodieque
386 946 493 986 manent
504 938 612 1000 vestigia
623 938 696 986 ruris.

84 1020 157 1073 serus
171 1026 239 1074 enim
252 1025 358 1074 Graecis
371 1027 485 1074 admovit
497 1027 615 1074 acumina
628 1027 731 1084 chartis,
788 1074 790 1077 ,

85 1121 110 1162 et
123 1122 182 1176 post
195 1114 293 1162 Punica
305 1115 374 1163 bella
387 1116 487 1177 quietus
503 1128 625 1179 quaerere
638 1116 730 1178 coepit,

85 1203 147 1265 qnid
159 1202 303 1265 Sophocles
313 1212 338 1252 et
346 1204 456 1266 Thespis
467 1211 492 1251 et
497 1204 642 1264 Aeschylus
647 1204 709 1251 utile
716 1204 820 1252 ferrent.

84 1291 216 1353 temptavit
229 1306 331 1354 qnoque
344 1307 406 1351 rem,
422 1293 443 1340 si
458 1292 536 1354 digne
548 1300 645 1340 vertere
658 1301 755 1354 posset,

18 1388 68 1428 165
84 1387 110 1427 et
121 1381 218 1442 placuit
230 1381 278 1430 sibi
290 1388 383 1429 natura
396 1381 511 1430 sublimis
525 1388 551 1442 et
563 1394 637 1427 acer:

84 1482 145 1515 nam
158 1469 238 1531 spirat
250 1469 375 1531 tragicum
388 1469 450 1517 satis
464 1476 490 1516 et
502 1469 611 1517 feliciter
623 1469 708 1526 audet,

84 1555 128 1603 sed
142 1564 241 1618 turpem
253 1564 326 1620 putat
336 1557 426 1605 inscite
438 1558 579 1619 metuitque
592 1557 702 1605 lituram.

20 1630 22 1633 โต
84 1645 201 1701 creditur,
218 1659 250 1691 ex
261 1645 346 1692 medio
361 1646 421 1706 quia
433 1660 472 1693 res
486 1646 601 1704 arcessit,
621 1646 717 1693 habere

84 1733 183 1780 sudoris
196 1733 337 1792 minimum,
354 1733 399 1781 sed
412 1734 491 1781 habet
504 1735 637 1782 comoedia
649 1742 721 1782 tanto

18 1831 68 1871 ยน70
84 1822 142 1884 plus
156 1822 250 1880 oneris,
267 1830 363 1883 quanto
376 1823 467 1869 veniae
479 1823 574 1870 minus.
601 1824 697 1886 aspice,
712 1824 818 1871 Plautus

85 1924 136 1972 quo
150 1917 224 1972 pacto
239 1910 317 1972 partis
330 1916 423 1958 tutetur
437 1911 546 1958 amantis
560 1911 661 1973 ephebi,

84 2005 112 2045 ut
124 1998 203 2060 patris
218 1997 315 2056 attenti,
333 1998 434 2045 lenonis
447 2005 475 2046 ut
487 1998 614 2056 insidiosi,

85 2093 196 2148 quantus
209 2086 241 2133 sit
254 2087 407 2133 Dossennus
421 2086 541 2134 edacibus
554 2087 581 2133 in
595 2086 722 2147 parasitis,

85 2190 163 2237 quam
174 2190 228 2222 non
241 2176 362 2223 adstricto
376 2182 509 2237 percurrat
521 2175 621 2237 pulpita
634 2189 720 2223 socco.

19 2272 69 2313 175
84 2264 160 2326 gestit
174 2264 242 2312 enim
254 2279 386 2312 nummum
398 2264 426 2312 in
439 2264 539 2312 loculos
553 2263 693 2322 demittere,
703 2271 763 2326 post
775 2264 824 2312 hoc

84 2365 190 2399 securus
203 2351 279 2403 cadat
291 2367 325 2400 an
338 2361 408 2401 recto
422 2360 471 2400 stet
484 2352 573 2400 fabula
585 2352 648 2399 talo.

83 2453 160 2501 quem
172 2439 229 2486 tulit
241 2441 274 2487 ad
286 2454 408 2488 scaenam
420 2447 528 2488 ventoso
541 2439 625 2501 gloria
637 2454 720 2499 curru,

83 2526 214 2575 exanimat
226 2529 310 2576 lentus
325 2535 464 2591 spectator,
479 2528 585 2576 sedulus
598 2527 685 2576 inflat:

84 2614 121 2662 sic
130 2614 195 2674 leve,
208 2614 245 2663 sic
255 2630 360 2678 parvum
372 2623 419 2676 est,
433 2617 622 2678 animumquod
631 2615 713 2664 laudis
721 2629 825 2664 avarum
