1917 3117
121 166 171 217 198
393 167 566 207 snrrasnusr

118 339 176 373 cum
188 330 369 387 prorepserunt
381 324 467 387 primis
480 325 602 373 animalia
614 326 696 384 terris,

56 422 103 463 100
116 422 215 462 mutum
222 420 247 461 et
252 422 326 477 turpe
334 427 421 476 pecus,
431 414 553 475 glandem
559 421 635 475 atque
642 413 737 462 cubilia
743 422 851 476 propter

118 503 246 565 unguibus
259 511 285 552 et
296 503 398 566 pugnis,
415 503 474 550 dein
488 502 605 559 fustibus,
621 510 698 564 atque
710 502 746 550 ita
758 516 837 564 porro

119 592 269 654 pugnabant
282 592 357 639 armis
371 605 438 653 qaae
451 599 511 653 pest
523 591 693 639 fabricaverat
704 605 781 649 usus3

120 680 203 727 donec
214 679 300 737 verba,
316 679 407 742 quibus
419 694 496 727 voces
509 694 652 741 sensusque
664 685 793 735 notarent,

120 769 276 830 nominaque
287 768 422 815 invenere:
443 768 536 816 dehinc
549 768 673 815 absistere
685 766 764 824 bello,

57 864 104 905 100
120 856 215 918 oppida
227 863 369 918 coeperunt
380 857 489 915 munire,
509 863 534 904 et
546 870 643 919 ponere
655 856 734 917 leges,

119 944 222 1005 nequis
235 944 277 992 fur
289 952 363 1004 esset,
380 959 430 992 neu
443 945 517 1003 latro,
532 959 585 992 neu
598 944 653 1007 quis
666 944 776 990 adulter.

121 1047 181 1080 nam
193 1031 241 1079 fuit
253 1041 313 1081 ante
324 1033 450 1080 Helenam
463 1047 563 1080 cunnus
575 1033 719 1081 taeterrima
731 1031 793 1078 belli

121 1134 213 1179 causa3
235 1121 278 1169 sed
291 1121 387 1183 ignotis
400 1120 531 1183 perierunt
543 1121 666 1169 mortibus
678 1120 725 1177 illi,

121 1224 186 1272 quos
198 1209 326 1258 Venerem
338 1209 460 1257 incertam
473 1210 602 1272 rapientes
614 1222 686 1256 more
698 1207 810 1255 ferarum

58 1304 105 1346 110
120 1297 214 1346 viribus
227 1298 321 1346 editior
333 1298 457 1346 caedebat
469 1307 497 1345 ut
508 1299 535 1345 in
548 1312 626 1359 grege
638 1304 734 1344 taurus.

120 1386 176 1433 iura
187 1386 291 1434 inventa
302 1394 371 1433 metu
382 1386 470 1435 iniusti
482 1386 579 1434 fateare
592 1393 730 1441 necessest,

120 1480 237 1537 tempora
250 1473 271 1520 si
283 1473 415 1536 fastosque
427 1475 491 1522 velis
504 1475 620 1522 evolvere
632 1471 729 1520 muudi.

120 1575 169 1610 nec
181 1569 274 1609 natura
285 1569 371 1623 potest
381 1562 449 1610 insto
462 1576 596 1610 secernere
607 1562 731 1623 iniquum,

121 1648 210 1698 dividit
221 1658 249 1698 ut
263 1651 332 1697 bona
346 1650 459 1708 diversis,
475 1650 599 1712 fugienda
612 1649 737 1712 petendis,

58 1746 106 1786 115
121 1752 169 1787 nec
182 1738 266 1786 vincet
277 1739 342 1786 ratio
356 1739 412 1795 hoo,
428 1739 581 1786 tantundem
593 1746 621 1785 ut
633 1745 721 1800 peccet
732 1736 851 1798 idemque

121 1827 165 1890 qui
177 1834 279 1875 teneros
293 1826 372 1875 caulis
385 1827 461 1875 alieni
475 1826 581 1888 fregerit
594 1826 660 1873 horti

121 1922 147 1963 01
160 1914 203 1977 qui
216 1925 356 1963 nocturnus
370 1928 443 1962 saera
456 1915 540 1963 divum
552 1914 651 1976 legerit.
680 1913 747 1960 adsit

121 2004 219 2066 regule,
235 2003 346 2066 peccatis
360 2017 426 2064 quae
438 2018 536 2066 poenas
548 2002 651 2063 inroget
663 2015 767 2063 aequas,

121 2106 154 2140 ne
167 2092 264 2140 scutica
277 2092 383 2153 dignum
395 2092 511 2139 horribili
524 2100 621 2139 sectere
634 2089 749 2152 flagello.

59 2186 106 2227 120
120 2193 181 2227 nam
193 2186 221 2228 ut
232 2178 315 2228 ferula
328 2179 420 2228 caedas
432 2181 550 2227 meritum
562 2180 659 2227 1111010
671 2177 757 2225 subire

121 2268 226 2316 verbera
238 2282 291 2316 uon
305 2282 402 2326 vereor,
418 2282 475 2316 cum
489 2269 558 2316 dicas
570 2282 628 2316 esse
641 2267 709 2330 paris
722 2280 762 2314 res

121 2355 188 2404 furta
201 2356 340 2404 latrociniis
354 2364 379 2405 et
391 2357 492 2420 magnis
505 2370 584 2420 parva
594 2355 699 2404 mineris

122 2443 188 2492 falce
199 2445 338 2493 recisurum
351 2445 426 2493 simili
439 2454 473 2504 te,
489 2445 510 2492 si
523 2446 568 2493 tibi
581 2459 689 2506 regnum

123 2531 270 2593 permittant
283 2533 409 2581 homines.
437 2534 459 2580 si
472 2533 550 2592 dives,
567 2532 610 2594 qui
623 2533 725 2593 sapiens
738 2538 785 2586 est,

60 2626 107 2667 125
123 2628 149 2667 et
160 2626 232 2668 sutor
245 2620 328 2668 bonus
342 2630 367 2669 01
380 2621 451 2669 solus
464 2621 592 2669 formosus
605 2629 631 2668 01
644 2627 683 2667 001
694 2632 749 2677 rex,
