1917 3117
305 493 337 571 c.
357 493 496 560 nostin
514 491 633 558 tiled

134 642 162 730 ll
197 643 226 732 P
262 643 279 732 l
315 641 338 733 S
375 641 402 731 Τ
438 640 468 730 U
503 640 529 729 L
566 638 598 740 A
634 640 666 729 R
701 639 731 729 U
766 638 801 727 M

354 851 442 888 LIBER
457 850 580 888 PRIMUS.

456 1007 478 1054 Ι.

106 1152 194 1200 Prima
207 1149 275 1199 dicte
288 1150 359 1208 mihi,
375 1163 475 1198 summa
487 1149 595 1197 dicende
608 1162 722 1206 camene,

108 1245 249 1302 spectatum
262 1240 322 1287 satis
336 1246 361 1287 et
373 1239 496 1286 donatum
508 1238 560 1285 iem
572 1237 635 1285 rude
649 1236 759 1299 quaeris,
835 1264 854 1277 .-

106 1327 254 1387 Maecenes,
267 1328 359 1376 iterum
372 1327 478 1390 antiquo
491 1340 532 1374 me
543 1326 675 1374 includere
687 1326 757 1373 ludo.

106 1431 159 1464 non
173 1417 263 1466 eadem
275 1425 314 1465 est
325 1423 405 1475 aetas,
420 1431 474 1463 non
487 1430 570 1464 mens.
595 1415 727 1474 Veianius,
741 1413 819 1462 ermis

80 1515 92 1553 5
108 1505 224 1553 Herculis
238 1505 270 1553 nd
283 1513 384 1567 postem
395 1504 462 1563 lixis,
477 1505 541 1553 latet
552 1503 654 1552 abditus
666 1518 739 1565 agro,

108 1608 142 1641 ne
154 1594 280 1656 populum
292 1601 407 1641 extrema
419 1594 514 1641 totiens
527 1600 617 1641 exoret
629 1607 717 1640 arene.

108 1689 146 1729 est
159 1681 220 1728 mihi
237 1689 373 1743 purgatam
385 1682 474 1729 crebro
488 1682 532 1745 qui
544 1689 666 1744 personet
678 1695 766 1729 curem

107 1771 188 1818 ‘solve
200 1776 377 1817 senescentem
389 1776 488 1817 mature
500 1783 579 1816 senus
592 1783 694 1831 equum,
710 1784 744 1817 ne

108 1863 198 1921 peccet
210 1857 243 1904 cd
256 1864 398 1905 extremum
410 1856 532 1904 ridendus
546 1868 571 1904 et
583 1857 629 1905 ilia
641 1858 738 1905 ducat)

63 1955 93 1994 tt
108 1959 178 1994 nunc
190 1946 277 2007 itaque
290 1954 316 1993 et
327 1959 413 1992 versus
427 1953 452 1992 et
464 1951 550 1993 cetera
561 1945 660 1992 ludicra
672 1960 758 2007 pono:

109 2034 169 2096 quid
181 2048 269 2082 verum
282 2042 359 2097 etque
372 2034 474 2092 decens,
485 2048 547 2081 curo
559 2041 586 2082 et
596 2047 659 2096 rogo
671 2040 697 2082 et
710 2033 793 2079 omnis
806 2033 832 2080 in

468 2122 519 2170 hoc
531 2137 602 2170 sum:

109 2212 194 2260 condo
208 2219 234 2260 et
246 2224 369 2273 conpone
383 2226 448 2272 quae
461 2226 524 2259 mox
537 2211 686 2273 depromere
699 2211 805 2275 possim.

108 2315 139 2348 cc
152 2301 263 2349 nescite
277 2314 352 2361 roges
367 2315 417 2362 quo
431 2314 473 2348 me
487 2300 560 2358 duce,
576 2316 628 2362 quo
641 2301 695 2349 lare
708 2307 788 2348 tuter:

108 2389 204 2436 nullius
216 2389 332 2437 addictus
344 2390 428 2437 iurare
440 2389 466 2436 in
480 2390 558 2439 verba
572 2389 696 2452 magistri,

64 2486 93 2525 15
109 2492 159 2540 quo
173 2492 214 2526 me
227 2492 336 2541 cumque
349 2478 417 2540 repit
427 2486 575 2541 tempestas,
592 2479 695 2527 deferor
708 2478 812 2540 hospes.

108 2580 177 2615 nunc
190 2565 264 2629 egilis
278 2567 314 2615 fio
326 2574 352 2614 et
363 2580 461 2615 mersor
474 2567 590 2615 civilibus
602 2568 687 2626 undis,

107 2653 206 2702 virtutis
219 2668 293 2704 verae
306 2662 392 2703 custos
406 2656 557 2719 rigidusque
570 2657 682 2716 satelles,
