1917 3117
390 198 528 236 nonnos.
770 195 823 245 335

98 355 202 403 difficile
216 364 255 403 est
266 356 369 418 proprie
382 354 530 403 eommunia
542 354 640 414 dicere3
662 362 740 417 tuque

98 444 189 492 rectius
201 443 309 492 Iliacum
322 457 426 492 carmen
439 444 544 491 deducis
557 442 584 491 in
597 451 679 503 aetus,

19 536 83 579 '130
98 548 176 595 quam
189 532 210 580 si
223 532 350 595 proferres
364 532 455 593 ignota
466 532 614 593 indictaque
627 532 732 594 primns.

98 621 201 684 publica
213 620 331 669 materies
344 620 435 683 privati
447 619 510 668 iuris
523 620 580 679 erit,
595 620 617 667 si

98 724 152 758 non
165 709 233 757 eirea
245 709 320 757 vilem
333 706 499 772 patulumque
511 708 652 757 moraberis
666 709 762 768 orbem,

98 812 147 846 nec
159 800 263 847 verbum
275 799 352 846 verbo
366 798 465 845 curabis
478 798 586 845 reddere
599 797 664 844 fidus

97 888 232 949 interpres,
248 901 296 935 nec
309 886 411 935 desilies
424 886 538 933 imitator
549 885 575 932 in
589 893 679 943 artum,

35 983 83 1023 ¹35
97 976 167 1024 unde
180 976 270 1039 pedem
284 975 398 1038 prolerre
410 976 496 1037 pudor
507 980 575 1021 vetet
586 981 631 1020 ant
643 973 728 1035 operis
741 974 792 1021 lex.

98 1079 146 1112 nec
159 1065 195 1112 sie
206 1064 324 1127 incipies,
338 1073 366 1111 ut
378 1064 488 1126 scrIptor
501 1062 596 1122 eyelius
609 1061 680 1119 olim,

97 1153 236 1201 ‘fortunam
247 1149 342 1199 Priami
353 1151 463 1198 cantabo
478 1158 503 1197 et
516 1150 604 1197 nobile
617 1149 734 1198 bellum.'

99 1242 160 1304 quid
173 1241 279 1302 dignum
292 1247 364 1287 tanto
377 1238 441 1287 leret
453 1239 495 1285 hie
507 1237 649 1300 promissor
660 1237 748 1286 hiatu?

98 1327 241 1393 parturiunt
252 1336 363 1386 montes,
379 1333 499 1375 nascetur
511 1326 633 1375 ridiculus
645 1341 711 1374 mus.

10 1480 11 1491 γ
33 1429 83 1468 140
100 1426 196 1481 quanto
210 1417 304 1466 rectius
317 1417 358 1465 hie
372 1417 415 1480 qui
429 1416 465 1464 nil
479 1414 584 1463 molitur
596 1415 692 1478 inepte,

10 1494 12 1523 ³
96 1507 147 1554 ‘dio
160 1506 229 1565 mihi,
245 1521 330 1566 musa,
346 1507 434 1565 virum,
451 1511 542 1568 raptae
555 1511 613 1567 post
625 1504 728 1552 moenia
740 1502 832 1551 Troiae

99 1597 142 1658 qui
154 1610 239 1643 mores
252 1595 385 1643 hominum
396 1595 536 1643 multorum
548 1593 610 1641 vidit
622 1601 648 1640 et
659 1593 750 1641 urbis.²

99 1699 153 1731 non
166 1685 262 1731 fumum
277 1697 310 1730 ex
322 1683 431 1745 fulgore,
447 1683 494 1730 sed
507 1697 540 1730 ex
553 1682 623 1730 fumo
638 1682 699 1730 dare
711 1682 797 1729 lucem

99 1771 204 1833 cogitat,
219 1778 248 1818 ut
260 1770 377 1832 speciosa
389 1770 484 1817 dehine
496 1770 619 1818 miracula
630 1779 740 1833 promat,

33 1871 83 1912 145
99 1859 257 1922 Antiphaten
271 1858 435 1919 Scyllamque
449 1868 474 1906 et
486 1872 545 1905 oum
558 1858 671 1920 Cyclope
678 1856 835 1918 Charybdin.

99 1964 147 1997 neo
159 1948 269 1996 reditum
280 1946 414 1995 Diomedis
428 1948 460 1994 ab
472 1947 577 1994 interitu
589 1945 725 2007 Meleagri,

100 2051 148 2086 nee
160 2037 264 2099 gemino
277 2035 374 2083 bellum
386 2035 528 2083 Troianum
539 2035 637 2082 orditur
649 2034 682 2082 ab
695 2048 759 2081 ovo:

100 2139 201 2188 semper
213 2126 245 2171 ad
259 2132 376 2172 eventum
389 2123 493 2172 festinat
505 2130 531 2170 et
541 2123 568 2170 in
581 2122 678 2170 medias
691 2137 732 2170 res

100 2229 154 2262 non
167 2228 241 2262 secus
254 2228 283 2261 ao
296 2221 371 2261 notas
384 2213 526 2260 auditorem
537 2211 613 2274 rapit,
629 2218 654 2259 et
666 2225 732 2274 quae

33 2312 86 2353 150
101 2304 221 2366 desperet
233 2310 339 2351 tractata
351 2302 478 2350 nitescere
492 2314 579 2363 posse,
594 2300 724 2363 relinquit,

102 2400 179 2454 atque
190 2392 226 2439 ita
239 2391 368 2450 mentitur,
384 2391 421 2438 sie
433 2390 499 2438 veris
512 2389 579 2436 falsa
591 2387 718 2447 ramisoet,

101 2479 185 2544 primo
198 2494 231 2527 ne
243 2480 364 2539 medium,
380 2478 466 2526 medio
479 2492 513 2525 ne
526 2478 654 2540 discrepet
665 2476 753 2525 imum.

101 2577 129 2618 tu
142 2569 202 2632 quid
216 2583 266 2632 ego
279 2576 304 2616 et
317 2568 427 2631 populns
439 2582 540 2615 meeum
553 2566 680 2615 desideret
690 2567 765 2614 audi:

103 2658 125 2705 si
137 2658 264 2719 plausoris
278 2671 337 2719 eges
351 2657 442 2705 aulaea
454 2656 581 2705 manentis
595 2663 620 2705 et
633 2669 715 2718 usque
