1917 3117
425 187 515 226 LIBER
531 187 551 225 1.

475 503 509 551 Π.

127 698 331 748 Ambubaiarum
344 699 464 761 collegia,
480 699 705 761 phurmaeopolae,

129 788 249 846 mendici,
264 788 365 846 mimae,
383 788 540 845 balatrones,
557 788 606 835 hoc
619 802 701 849 genus
714 801 791 836 omne

128 884 254 925 maestum
265 890 295 923 ac
308 876 447 924 sollicitum
461 885 498 923 est
511 876 623 923 cantoris
642 883 724 924 morte
738 875 841 939 Tigelli.

130 965 358 1028 quippebenignus
371 972 434 1012 erut.
455 972 546 1012 contra
559 964 609 1023 hie,
618 978 651 1011 ne
664 965 787 1026 prodigus
801 979 856 1014 esse

101 1062 114 1101 5
131 1054 230 1101 dicatur
243 1062 368 1112 metuens
383 1053 455 1115 inopi
474 1053 536 1101 dare
548 1053 614 1101 nolit
626 1053 717 1111 amico,

130 1142 209 1204 frigus
224 1157 275 1204 quo
288 1142 429 1204 duramque
441 1142 536 1189 lumem
548 1142 693 1204 propellere
705 1143 794 1204 possit.

130 1230 198 1278 huuc
210 1230 232 1278 ei
245 1230 411 1293 perconteris,
426 1231 465 1277 avi
481 1245 526 1278 cur
538 1238 615 1293 utque
627 1229 739 1292 parentis

131 1319 290 1380 praeclarum
302 1321 403 1382 ingrata
416 1320 525 1381 stringet
537 1319 619 1367 mulus
631 1318 744 1382 ingluvie
756 1332 819 1375 rem,

132 1407 218 1455 omnia
230 1410 363 1457 conductis
378 1423 499 1458 coemens
513 1408 622 1457 obsonia
634 1408 754 1466 nummis,

85 1501 116 1543 10
132 1495 249 1544 sordidus
262 1507 339 1561 atque
352 1498 430 1546 animi
449 1498 518 1560 quod
532 1497 603 1559 parvi
615 1497 681 1545 nolit
693 1496 790 1555 haberi,

131 1585 279 1646 respondet
307 1586 426 1635 laudatur
439 1584 533 1642 abhis,
550 1586 668 1647 culpetur
680 1586 712 1634 ab
729 1585 790 1634 illis.

136 1674 249 1721 Fufidius
262 1688 360 1736 vappae
372 1674 468 1722 famem
480 1675 552 1722 timet
564 1688 594 1721 oc
608 1675 745 1723 nebulonis

137 1761 218 1825 [dives
230 1763 307 1824 agris,
325 1763 393 1810 dives
407 1763 497 1825 positis
509 1763 536 1809 in
549 1762 640 1811 fenore
652 1762 773 1826 nummis]
784 1782 789 1811 :

135 1851 228 1913 quinas
240 1850 281 1898 hie
294 1852 370 1912 capiti
382 1851 511 1900 mercedes
524 1859 635 1910 exsecet,
650 1859 728 1913 utque

90 1948 119 1987 tt
135 1948 232 2002 quanto
245 1938 369 2002 perditior
381 1939 490 2001 quisque
504 1948 552 1996 est,
567 1948 639 1988 tanto
651 1940 734 1988 uerius
746 1950 851 2003 urguct3

134 2028 239 2076 nomina
251 2034 370 2084 sectetur,
385 2028 463 2076 modo
476 2036 578 2091 sumpts.
589 2037 658 2077 veste
670 2030 744 2088 virili,

134 2118 181 2164 snb
194 2116 309 2178 patribus
324 2116 394 2164 duris
405 2117 527 2163 tironum.
554 2117 682 2166 ‘maxime'
694 2118 750 2180 quis
764 2133 818 2166 non

131 2204 261 2267 ‘Iuppiter'
274 2206 410 2262 exclamat,
426 2205 591 2267 simulatque
606 2207 711 2255 audivit.
733 2207 769 2255 ‘ut
781 2206 808 2253 in
822 2221 850 2254 se

133 2307 180 2355 pro
194 2303 302 2355 quaestu
309 2301 438 2356 sumptum
445 2292 506 2341 lacit
513 2294 575 2342 hic.’
591 2295 634 2342 vix
647 2296 750 2344 eredere
763 2295 857 2358 possis,

86 2388 118 2429 20
133 2395 211 2443 quem
223 2382 271 2430 eibi
284 2397 337 2432 non
351 2383 383 2432 eit
395 2383 500 2440 amicus,
515 2383 551 2429 ita
563 2390 591 2431 nt
603 2391 676 2446 puter
687 2384 740 2442 ille,
756 2383 860 2431 Terenti

131 2470 220 2518 fabula
234 2485 311 2533 quem
322 2471 444 2519 miserum
456 2479 536 2532 gnato
550 2472 643 2520 vixisse
654 2472 745 2534 fugato

130 2558 237 2617 inducit,
253 2574 307 2607 non
321 2575 349 2609 se
362 2560 434 2623 peius
448 2560 599 2609 cruciaverit
612 2569 689 2623 atque
702 2562 751 2609 hic.

130 2648 152 2695 si
166 2649 221 2711 quis
235 2664 303 2700 nunc
317 2658 424 2713 quaeret
435 2651 496 2713 ‘quo
504 2664 544 2699 res
552 2650 616 2698 haec
628 2649 763 2712 pertinet?'
775 2650 852 2698 illuc:
