1917 3117
399 182 490 220 muru
502 182 522 218 1.
773 176 826 228 235

99 340 255 403 gaudentem
267 340 402 403 parvisque
414 337 544 387 sodalibus
558 347 583 387 et
594 339 648 386 lere
661 345 731 386 certo

100 437 126 477 et
137 430 204 477 ludis
217 437 243 478 et
255 436 315 493 post
328 428 414 476 decise
427 428 532 490 negotia
545 442 645 490 eampo.

53 526 85 567 60
99 517 194 566 ‘scitari
206 519 270 566 libet
283 532 316 566 ex
327 517 384 580 ipso
398 517 579 579 quodcumque
592 516 687 563 refers:
704 514 744 561 dic

100 607 131 655 ad
145 621 237 655 cenam
248 607 353 655 veniat?
377 620 432 653 non
450 619 513 653 eene
526 605 629 652 credere
641 605 728 661 Mena,

98 697 184 744 mirari
198 710 286 744 secum
299 696 400 743 tacitus.
430 695 490 757 quid
504 692 602 740 multa?
620 691 749 754 ‘benigne’

98 785 248 847 respondet.
275 778 362 845 ‘neget
373 783 419 831 ille
432 782 521 830 mihit’
538 782 627 843 ‘negat
638 781 762 843 inprobus
776 787 801 828 et
812 786 838 827 te

101 873 216 935 neglegit
228 879 271 920 aut
285 872 392 920 horret.²
416 871 549 919 Volteium
561 885 637 918 mune
650 869 784 932 Philippus

52 968 85 1009 65
100 961 160 1008 vilia
172 960 323 1009 vendentem
336 960 449 1008 tunicato
467 967 553 1007 scruta
565 958 671 1022 popello

101 1055 210 1111 occupat
223 1056 249 1096 et
260 1048 358 1096 salvere
370 1049 440 1096 iubet
453 1049 532 1111 prior.
553 1047 599 1095 ille
610 1047 730 1108 Philippo

101 1150 224 1185 excusare
237 1136 353 1184 laborem
365 1144 390 1184 et
404 1136 581 1184 mercennaria
593 1136 687 1193 vincla,

101 1225 171 1287 quod
183 1240 237 1273 non
248 1239 325 1272 mune
338 1225 442 1272 domum
452 1224 574 1283 venisset,
584 1224 696 1286 denique
706 1222 776 1285 quod
783 1237 837 1271 non

100 1313 254 1377 providisset
266 1328 332 1362 eum.
359 1314 404 1361 ‘sie
416 1313 549 1376 ignovisse
560 1320 649 1375 putato

54 1412 85 1452 το
99 1416 141 1451 me
153 1403 208 1464 tibi,
223 1403 245 1451 si
259 1417 336 1451 cenas
349 1403 425 1451 hodIe
439 1401 559 1450 meeum.²
582 1401 619 1449 ‘ut
630 1400 713 1449 libet.²
736 1401 809 1462 ‘ergo

100 1499 268 1554 postponam
280 1492 382 1540 venies:
399 1493 498 1551 nunni,
513 1506 567 1540 rem
580 1498 697 1539 strenuus
710 1490 796 1553 auge?

100 1587 128 1627 ut
140 1587 245 1628 ventum
258 1581 290 1627 ad
304 1595 395 1628 cenum
407 1588 452 1635 est,
469 1581 580 1628 dicenda
591 1580 701 1628 tacenda
713 1580 814 1627 locutus

100 1668 204 1716 tandem
218 1668 355 1715 dormitum
368 1670 509 1717 dimittitur.
537 1668 579 1715 hic
591 1669 635 1715 ubi
648 1683 726 1731 saepe

102 1756 232 1826 occultum
243 1757 310 1802 visus
325 1757 457 1804 decurrere
470 1756 548 1819 piscis
561 1757 593 1802 ud
606 1757 718 1816 hamum,

54 1853 85 1894 75
99 1826 176 1892 marre
189 1843 271 1891 cliens
283 1851 309 1891 et
321 1844 372 1892 iam
384 1852 467 1892 certus
481 1844 598 1903 conviva,
613 1844 716 1893 iubetur

100 1947 160 1981 rure
172 1932 319 1980 suburbana
330 1932 433 1980 indictis
447 1946 535 1980 comes
546 1932 584 1979 ire
596 1931 705 1979 Latinis.

99 2021 227 2084 inpositus
240 2021 342 2069 mannis
355 2035 442 2068 arvum
456 2021 606 2082 caelumque
620 2020 744 2068 Sabinum

100 2124 155 2158 non
168 2122 254 2158 cessat
266 2110 379 2158 laudare.
406 2110 475 2158 videt
487 2110 603 2172 ridetque
615 2110 757 2173 Philippus,

100 2207 126 2248 et
137 2200 186 2247 sibi
200 2200 259 2246 dum
271 2199 394 2262 requiem,
410 2198 470 2247 dum
483 2200 548 2247 risus
561 2199 673 2261 undique
686 2201 792 2261 quaerit,

54 2296 85 2337 80
101 2288 161 2335 dum
173 2296 272 2351 reptem
285 2287 366 2335 donet
378 2289 504 2346 sestertia,
520 2296 607 2336 mutua
619 2296 719 2351 septem

100 2376 233 2440 promittit,
250 2376 390 2439 persuadet
402 2377 437 2424 uti
449 2385 576 2425 mercetur
588 2377 710 2439 agellum.

100 2472 236 2513 mercatur.
263 2473 335 2514 nete
348 2466 433 2528 longis
447 2465 597 2528 ambagibus
609 2467 678 2513 ultre

101 2568 178 2616 quam
191 2555 252 2602 satis
265 2563 304 2603 est
316 2569 409 2614 morer,
425 2569 458 2603 ex
470 2554 551 2601 nitido
565 2554 592 2601 lit
603 2554 712 2602 rusticus
725 2560 802 2616 etque

100 2641 186 2690 sulcos
200 2648 225 2690 et
237 2643 323 2690 vineta
335 2650 423 2706 crepat
434 2656 512 2703 mera,
529 2651 665 2706 praeperat
677 2644 770 2703 ulmos,
