1917 3117
411 192 500 230 LIBER
513 192 534 230 1.

112 349 254 408 Canidiam,
270 350 378 412 pedibus
392 349 466 397 nudis
482 363 609 411 passoque
622 350 726 411 capillo,

65 448 96 487 25
112 454 169 487 eum
182 437 288 500 Sagana
299 440 397 486 maiore
408 438 558 486 ululantem.
585 438 670 500 pallor
683 446 802 500 utrasque

110 528 207 576 feeerat
218 528 360 575 horrendas
374 528 505 589 adspectu.
534 527 648 589 scalpere
660 534 753 575 terram

110 616 238 678 unguibus
252 623 277 664 et
289 617 388 679 pullam
402 616 522 663 divellere
534 616 662 663 mordicus
676 629 770 676 agnam

111 714 265 767 coeperunt:
287 720 364 753 eruor
374 705 401 752 in
414 704 512 752 fossam
525 703 655 762 confusus,
670 713 699 751 ut
709 703 771 751 inde

109 794 192 841 manis
206 793 328 841 elicerent
340 794 438 841 animas
452 807 578 855 responsa
591 793 703 840 daturas.

65 890 96 931 30
111 882 225 937 laneaet
237 882 335 945 effigies
349 890 412 940 erat,
427 882 508 930 altera
520 895 608 929 cerea:
629 882 712 929 maior

110 970 195 1029 lanea,
210 984 277 1032 quae
290 971 379 1032 poenis
393 978 560 1031 conpesceret
576 969 739 1028 inferiorem,

111 1072 187 1106 cerea
199 1058 348 1120 suppliciter
361 1059 446 1106 stabat
458 1058 591 1105 servilibus
604 1064 682 1118 utque

109 1147 285 1219 iamxperitura
297 1148 388 1194 modis.
410 1147 526 1194 Hecaten
540 1153 615 1194 voeat
627 1146 717 1204 altera,
732 1159 836 1193 saevam

111 1235 190 1282 alteru
203 1233 371 1295 Tisiphonen.
398 1243 529 1297 serpentes
541 1243 619 1295 atque
636 1233 735 1282 videres

63 1331 94 1371 35
109 1322 223 1370 infernas
238 1337 321 1372 errare
335 1323 415 1382 canis,
431 1325 570 1385 lunamque
582 1323 724 1381 rubentem,

110 1425 143 1458 ne
155 1410 222 1459 foret
233 1411 273 1458 his
285 1413 367 1470 testis,
382 1420 441 1474 post
454 1426 548 1472 magna
561 1412 640 1459 latere
653 1412 779 1473 sepulcra.

109 1500 220 1547 mentior
232 1508 258 1547 at
270 1500 363 1562 siquid,
378 1501 474 1547 merdis
489 1512 565 1562 eaput
576 1501 696 1562 inquiner
709 1500 774 1548 albis

111 1601 254 1645 cervorum,
269 1589 377 1650 atquein
384 1589 835 1650 meveniatmietumatqueeucatum

109 1674 198 1733 Iulius,
214 1682 240 1722 et
251 1674 349 1736 fragilis
362 1676 488 1735 Pediatia,
503 1677 594 1739 furque
606 1677 737 1724 Voranns.

61 1773 93 1813 40
110 1764 213 1825 singula
221 1762 280 1825 quid
288 1777 436 1822 memorem,
446 1779 498 1825 quo
507 1773 582 1826 pacto
590 1766 689 1813 alterna
696 1765 832 1826 loquentes

109 1853 216 1901 umbrae
229 1866 288 1899 cum
300 1849 405 1912 Sagana
417 1853 564 1900 resonarint
576 1853 646 1901 triste
660 1860 685 1901 et
697 1862 808 1911 acutum,

108 1950 189 2004 utque
201 1940 255 2003 lupi
269 1941 373 1988 barbam
386 1940 472 1988 variae
486 1956 544 1988 curn
557 1942 633 1988 dente
645 1941 765 1989 colubrae

108 2030 253 2078 abdiderint
265 2029 352 2076 furtim
363 2030 446 2087 terris,
461 2038 486 2078 et
499 2030 612 2092 imagine
626 2043 701 2077 cerea

108 2120 205 2181 largior
217 2118 307 2166 arserit
317 2117 395 2179 ignis,
411 2126 436 2165 et
447 2126 475 2165 ut
488 2132 542 2166 non
555 2118 625 2166 testis
642 2118 739 2165 inultus

61 2215 93 2255 lt
109 2207 237 2255 obruerim
249 2220 324 2254 voces
338 2207 470 2254 Furiarum
483 2218 510 2254 et
520 2207 590 2255 facta
602 2205 726 2253 duarum?

108 2309 169 2341 nam
182 2295 297 2357 displosa
310 2303 386 2343 senat
398 2302 522 2357 qnantum
538 2295 631 2352 vesica,
646 2294 739 2356 pepedi

108 2383 206 2431 diffissa
218 2391 277 2431 nate
290 2384 367 2431 licus:
388 2391 414 2431 et
425 2383 485 2430 illae
498 2397 599 2431 currere
611 2382 638 2429 in
655 2383 753 2431 urbem.

109 2472 233 2521 Canidiae
247 2472 339 2531 dentis,
355 2472 434 2519 altum
447 2471 566 2533 Saganae
580 2470 739 2519 caliendrum

108 2561 233 2619 excidere,
250 2569 327 2622 atque
339 2561 431 2608 herbas
444 2569 521 2622 atque
533 2561 665 2608 incantata
676 2561 778 2610 lacertis

61 2657 91 2697 50
106 2649 217 2707 vincula,
233 2663 290 2696 cum
303 2662 398 2711 magno
411 2649 513 2710 risuque
526 2648 636 2712 iocoque
649 2650 757 2699 videres.

389 2802 548 2809 ————
