1917 3117
385 216 386 220 ’
398 219 487 256 LIBER
504 219 535 256 11.

442 534 490 582 111.

104 729 143 778 ‘Si
155 744 213 778 raro
227 730 332 788 scribes,
347 737 375 777 ut
387 737 440 778 toto
454 743 508 777 uon
522 736 611 791 quater
623 742 693 776 anno

104 819 280 866 membranam
293 832 394 881 poscas,
411 817 563 879 scriptorum
581 831 700 880 quaeque
711 825 839 877 retexens,

103 907 183 955 iratus
196 906 241 955 tibi
255 906 323 968 quod
336 906 387 954 vini
400 907 536 968 somnique
550 906 676 968 benignus

105 995 142 1042 nil
156 995 262 1057 dignum
275 1008 392 1043 sermone
406 1008 492 1054 canas,
509 995 570 1057 quid
584 995 643 1043 fiat?
665 995 765 1057 stipsis

75 1092 89 1144 ξ
106 1081 285 1131 Saturnalibus
298 1083 347 1130 huc
359 1083 447 1145 fugisti
460 1083 570 1131 sobrius.
598 1098 660 1145 crgo

106 1171 147 1218 dic
160 1171 256 1233 aliquid
271 1171 376 1233 dignum
390 1172 531 1234 promissis.
559 1172 654 1234 incipe.
682 1172 718 1219 nil
733 1181 780 1219 est.

106 1260 241 1321 culpantur
253 1259 349 1307 frustra
361 1260 461 1320 calami,
476 1261 659 1322 inmeritusque
672 1260 773 1308 laborat

104 1348 176 1395 iratis
190 1356 264 1396 natus
278 1349 361 1411 parics
375 1349 413 1396 dis
426 1356 503 1411 atque
515 1348 608 1411 poetis.

105 1437 174 1499 atqui
187 1438 270 1485 voltus
283 1446 337 1487 erat
350 1438 430 1486 multa
443 1446 468 1485 ct
481 1437 615 1500 praeclara
628 1436 757 1495 minantis,
810 1487 817 1496 ‚

58 1534 90 1575 10
106 1526 127 1572 si
140 1540 246 1573 vacuum
259 1526 346 1588 tepido
360 1526 468 1589 cepisset
479 1526 567 1574 villula
578 1533 656 1574 tecte.

106 1629 227 1676 quorsum
241 1614 361 1676 pertinuit
373 1615 468 1676 stipare
480 1614 592 1662 Platona
603 1614 765 1662 Menandro?

105 1702 227 1764 Eupolin,
242 1702 434 1760 Archilochum,
450 1703 556 1750 comites
569 1703 677 1751 educere
690 1702 795 1751 tantos?

105 1790 228 1838 invidiam
240 1790 344 1851 placare
356 1804 431 1852 paras
445 1790 536 1839 virtute
549 1791 654 1839 relicta?

108 1886 281 1936 contemnere,
296 1877 382 1926 miser.
409 1879 514 1925 vitanda
525 1887 564 1927 cst
576 1880 687 1941 inproba
699 1879 773 1929 Siren

61 1976 94 2017 15
109 1967 215 2026 desidia,
231 1972 275 2013 aut
288 1967 410 2029 quidquid
424 1968 475 2015 vita
487 1967 595 2015 meliore
608 1969 702 2029 parasti

106 2056 255 2119 ponendum
262 2070 346 2117 aequo
358 2056 466 2104 animo.'
479 2056 504 2103 di
511 2064 545 2114 te,
555 2055 722 2119 Damasippo,
731 2058 844 2119 deaeque

107 2159 193 2192 verum
207 2145 240 2192 ob
254 2145 389 2193 consilium
403 2146 500 2193 donent
512 2152 625 2193 tonsore.
653 2145 697 2192 sed
710 2145 779 2192 unde

106 2242 159 2281 tam
170 2234 236 2282 benc
248 2249 288 2283 me
299 2233 383 2283 nosti?
395 2234 542 2296 ‘postquam
549 2233 632 2281 omnis
639 2248 680 2281 res
690 2232 845 2281 mealanum

108 2322 139 2369 ad
153 2323 264 2371 medium
276 2323 358 2371 fracta
370 2331 416 2380 cst,
433 2322 518 2371 aliena
529 2321 635 2383 negotia
648 2335 718 2380 curo,

62 2420 93 2460 '20
109 2424 230 2459 excussus
243 2412 363 2475 propriis,
395 2412 457 2459 olim
470 2427 532 2460 nam
545 2425 666 2473 quaerere
678 2411 804 2468 amabam,

111 2514 161 2561 quo
175 2500 246 2548 vafer
258 2501 302 2549 ille
314 2501 393 2563 pedes
407 2501 511 2549 lavisset
525 2499 649 2563 Sisyphus
663 2513 730 2556 aere,

109 2588 170 2650 quid
184 2589 311 2651 sculptum
323 2589 430 2651 infabre,
448 2589 508 2653 quid
521 2590 606 2637 fusum
620 2589 706 2636 durius
720 2596 800 2646 esset3

110 2677 216 2725 callidus
231 2678 288 2726 huic
301 2679 375 2743 signo
389 2682 518 2743 ponebam
532 2679 601 2728 milia
614 2686 730 2738 centnm,
