1917 3117
123 235 158 285 ἥ
414 255 578 295 strumum

91 426 104 465 t
123 415 221 463 Nereus
234 414 295 461 lata.
322 414 399 462 ‘mala
412 413 484 461 ducis
497 413 536 460 avi
549 412 661 470 domum,

125 519 202 567 quam
215 503 294 551 multo
308 511 404 565 repetet
417 502 527 551 Graecia
538 501 627 558 milite,

97 599 101 605 “
125 593 258 641 coniurata
269 599 326 639 tuas
338 605 455 654 rumpere
468 590 570 653 nuptias

126 689 150 730 et
163 695 270 743 regnum
282 679 376 727 Priami
388 686 469 726 vetus.

125 823 198 881 eheu,
214 829 325 885 quantus
339 821 419 884 equis,
435 829 546 884 quantus
559 821 631 870 adest
644 822 702 869 viris

77 919 105 959 10
127 911 220 958 sudor!
241 919 338 974 quanta
350 925 436 958 moves
448 910 540 958 funera
552 909 690 957 Dardanae

125 1000 208 1062 gentil
229 1000 280 1047 iam
292 999 394 1062 galeam
406 1000 494 1047 Pallas
508 1007 533 1047 et
545 999 637 1062 aegida

126 1103 265 1152 currusque
278 1095 303 1136 et
315 1089 412 1137 rabiem
424 1096 507 1151 parat.

126 1232 283 1298 nequiquam
295 1234 403 1283 Veneris
415 1232 542 1296 praesidio
555 1230 630 1279 ferox

126 1333 212 1387 pectes
225 1324 364 1372 caesariem
377 1330 499 1386 grataque
511 1320 616 1368 leminis

76 1422 105 1463 15
126 1413 215 1462 inbelli
229 1412 326 1461 cithara
338 1412 451 1459 carmina
464 1410 569 1469 divides,

126 1501 282 1564 nequiquam
294 1501 406 1548 thalamo
419 1500 503 1562 gravis

126 1643 212 1691 hastas
226 1651 250 1691 et
263 1644 355 1691 calami
368 1642 467 1705 spicula
479 1640 569 1689 Cuosii

127 1732 216 1780 vitabis
229 1732 411 1794 strepitumque
424 1739 448 1779 et
460 1731 570 1778 celerem
582 1729 654 1792 sequi

125 1821 245 1869 Aiacem:
266 1828 361 1879 tamen,
376 1820 435 1878 heu,
451 1834 522 1868 serus
535 1819 666 1867 adulteros

75 1917 106 1958 20
128 1909 205 1958 crinis
219 1910 323 1973 pulvere
336 1909 460 1957 conlines.

126 2066 180 2100 non
193 2051 355 2110 Laertiaden,
371 2051 475 2099 exitium
487 2058 546 2099 tuae

127 2141 206 2205 genti,
221 2154 273 2187 non
288 2140 387 2200 Pylium
399 2138 511 2187 Nestora
522 2139 643 2201 respicis?

126 2237 236 2293 urguent
247 2228 359 2292 inpavidi
371 2236 397 2276 te
411 2226 566 2276 Salaminius

127 2318 235 2377 Teucer,
251 2325 276 2366 te
289 2316 424 2366 Sthenelus
437 2318 520 2364 sciens

76 2468 106 2508 rt
127 2474 238 2523 pugnae,
259 2459 310 2507 sive
324 2474 389 2522 opus
403 2467 440 2507 est
452 2459 598 2521 imperitare
611 2458 692 2521 equis,

127 2563 181 2597 non
194 2548 283 2611 auriga
295 2548 375 2611 piger.
403 2548 538 2595 Merionen
551 2560 654 2609 quoque

128 2651 229 2685 nosces.
258 2651 317 2685 ecce
330 2637 390 2685 furit
402 2642 427 2684 te
440 2635 552 2698 reperire
564 2643 638 2685 atrox

127 2725 240 2787 Tydides
252 2724 343 2774 melior
355 2732 441 2788 patre:
