1917 3117
130 145 184 196 ιω
387 150 600 189 nrrsrunauurr

85 313 116 354 85
130 305 265 353 inmoritur
278 307 368 354 studiis
381 315 407 355 et
420 320 507 356 amore
520 307 631 356 senescit
642 307 765 356 habendi.

130 408 217 442 verum
229 394 273 442 ubi
287 408 347 442 oves
360 394 438 454 furto,
453 396 545 444 morbo
557 396 657 458 periere
670 396 796 459 capellae,

131 496 204 545 spem
216 483 323 531 mentita
335 496 418 544 seges,
436 484 484 531 bes
496 491 535 532 est
547 492 652 533 enectus
665 485 774 545 arando,

130 571 244 620 offensus
258 571 358 619 damnis
370 571 456 620 media
467 572 500 620 de
513 581 590 621 noete
603 573 733 622 caballum

130 661 219 724 arripit
229 661 361 723 iratusque
373 660 485 724 Philippi
497 661 580 709 tendit
592 662 624 709 ad
638 662 718 710 aedis.

83 756 115 799 90
131 764 207 813 quem
216 749 291 797 simul
300 750 715 812 aspexitscabrumintansumque
722 749 873 813 Philippus,

127 838 224 886 ‘durus’
235 839 280 897 ait,
294 837 400 897 ‘Voltei‚
416 838 490 886 nimis
504 845 668 901 attentusque
680 838 774 886 videris

129 940 186 975 esse
198 926 281 974 mihi.'
304 925 357 988 ‘pel
369 939 410 973 me
422 925 553 986 miserum,
569 934 686 989 patrone,
701 941 819 986 vocares,

128 1015 150 1063 si
163 1014 251 1063 velles’
262 1015 346 1077 inquit
357 1014 454 1062 ‘verum
465 1015 529 1063 mihi
542 1029 640 1078 ponere
652 1030 757 1063 nemen.

132 1104 201 1166 quod
214 1112 239 1152 te
252 1118 298 1167 per
310 1103 414 1165 genium
427 1103 595 1166 dextramque
607 1104 722 1166 deosque
734 1106 840 1166 penatis

82 1199 113 1240 95
128 1192 236 1240 obsecre
249 1200 275 1240 et
287 1193 409 1251 obtestor,
425 1192 491 1240 vitae
503 1207 544 1240 me
556 1192 635 1240 redde
647 1191 747 1254 priori)

128 1281 172 1343 qui
184 1281 263 1329 semel
276 1281 376 1343 aspexit
388 1288 511 1343 quantum
525 1280 630 1328 dimissa
641 1280 727 1343 petitis

127 1376 267 1432 praestent,
281 1377 380 1417 mature
392 1368 481 1417 redeat
493 1376 644 1431 repetatque
656 1369 755 1418 relicta.

126 1458 209 1506 metiri
221 1470 250 1505 se
263 1472 390 1520 quemque
402 1472 449 1505 suo
461 1458 568 1505 modulo
587 1472 617 1504 ae
630 1457 696 1519 pede
708 1466 833 1506 verumst.

408 1643 568 1650 “—

451 1828 524 1876 VIII.

126 1988 203 2038 Celso
217 1990 328 2052 gaudere
341 1996 367 2037 et
380 1988 445 2036 bene
457 2001 511 2036 rem
524 2000 614 2049 gerere
625 1988 794 2037 Albinovano

125 2094 198 2126 musa
210 2086 301 2141 rogata
313 2077 387 2136 refer,
403 2075 489 2124 comiti
502 2077 653 2139 scribaeque
664 2075 786 2125 Neronis.

125 2168 147 2215 si
155 2167 328 2230 quaeratquid
336 2180 421 2228 agam,
431 2164 471 2212 die
479 2165 560 2212 multa
571 2172 595 2213 et
607 2165 717 2229 pulchra
722 2166 869 2215 minantem

125 2257 208 2304 vivere
220 2269 269 2304 nee
281 2263 350 2304 reete
363 2267 411 2302 nee
425 2253 549 2302 suaviter:
564 2254 633 2302 haud
646 2254 707 2317 quia
719 2254 823 2315 grando

98 2352 111 2390 e
125 2344 270 2393 contuderit
282 2344 338 2391 vitis
351 2343 466 2391 oleamve
478 2342 646 2390 momorderit
657 2349 753 2401 aestus,

125 2446 173 2480 nee
186 2432 248 2494 qula
260 2431 410 2493 longinquis
423 2436 568 2478 armentum
581 2438 697 2492 aegrotet
709 2430 737 2479 in
750 2432 840 2494 agris;

124 2519 169 2566 sed
183 2520 243 2581 quia
255 2527 340 2567 mente
353 2518 437 2566 minus
451 2518 550 2566 validus
564 2533 641 2580 quam
654 2533 764 2582 corpore
777 2528 835 2570 toto

124 2606 162 2653 nil
174 2606 262 2653 audire
275 2607 359 2665 velim,
374 2606 410 2654 nil
424 2606 530 2665 discere,
547 2607 616 2669 quod
629 2607 697 2655 levet
708 2623 833 2672 aegrum3
