1917 3117
400 173 490 225 trouu
507 187 539 224 11.
780 182 830 233 257

109 345 212 403 dixeris,
228 344 359 408 experiar:
380 344 410 391 ‘si
422 343 468 402 vis,
484 344 567 406 potes'
578 343 649 392 addit
661 352 687 391 et
699 344 784 392 instat.

60 443 93 483 lb
108 433 229 497 septimus
243 441 335 481 octavo
350 432 456 496 propior
467 431 520 479 iam
532 430 626 493 fugerit
638 445 730 490 annus,

108 536 141 571 ex
154 536 206 584 quo
217 522 356 570 Maecenas
369 534 411 568 me
424 520 509 582 coepit
521 520 615 567 habere
628 532 733 567 suorum

106 612 134 660 in
147 625 262 670 numero,
278 610 411 658 dumtaxat
423 608 455 656 ad
469 609 527 666 hoc,
543 623 620 670 quem
633 609 724 657 tollere
735 608 814 657 rheda

108 701 185 749 vellet
196 699 246 746 iter
258 699 364 755 faciens,
379 706 405 745 et
417 697 457 744 cui
471 698 626 745 concredere
639 711 721 758 nugas

107 789 157 836 hoc
171 802 260 849 genus,
269 787 342 834 ‘hora
348 794 427 849 quota
433 785 490 834 est?
504 785 608 833 Thraex
621 793 660 833 est
668 785 772 834 Gallina
778 782 843 845 Syro

468 873 532 935 par?

60 973 93 1014 45
106 964 231 1013 matutino
243 977 333 1025 parum
346 970 435 1010 cautos
446 962 499 1009 iam
511 962 608 1025 frigora
619 963 762 1012 mordent:³

107 1059 133 1100 et
146 1065 212 1114 quae
224 1051 320 1099 rimosa
333 1051 399 1098 beno
412 1051 576 1112 deponuntur
589 1052 615 1098 in
629 1065 699 1099 aure.

107 1155 153 1204 per
166 1147 247 1188 totum
260 1140 309 1186 hoc
321 1146 420 1200 tempus
433 1138 572 1187 subiectior
583 1139 610 1187 in
623 1139 691 1187 diem
704 1147 729 1187 ct
741 1139 833 1187 horum

106 1229 219 1276 invidiae
231 1235 327 1277 noster.
355 1228 430 1276 ludos
444 1230 596 1290 spectaverit
607 1243 667 1286 nne,

107 1316 197 1366 luserit
208 1316 235 1363 in
249 1330 352 1379 cumpo:
373 1316 511 1364 ‘Fortunae
525 1317 601 1365 filius’
613 1332 712 1365 omncs.

61 1413 92 1456 50
108 1404 215 1467 frigidus
229 1419 244 1451 a
257 1405 345 1452 rostris
358 1411 447 1451 manat
459 1418 505 1466 per
518 1404 631 1466 compita
643 1419 743 1452 rumor:

108 1493 260 1555 quicumque
272 1493 361 1540 obvius
373 1499 419 1550 est,
430 1506 471 1541 me
484 1493 609 1540 consulit:
624 1493 649 1540 ‘o
657 1494 724 1541 bone
738 1492 810 1555 (nam
823 1502 848 1541 te

108 1582 181 1638 scire,
198 1582 260 1628 deos
273 1583 397 1642 quonium
409 1582 515 1644 propius
529 1582 668 1643 contingis,
685 1587 809 1645 oportet),

109 1668 231 1729 numquid
246 1667 277 1715 de
290 1668 367 1716 Dacis
381 1670 499 1717 audisti?
519 1670 555 1717 nil
569 1669 696 1731 equidem.
722 1670 760 1718 ‘ut
771 1678 799 1718 tu

110 1769 212 1818 semper
223 1756 272 1803 eris
287 1756 407 1804 derisor.'
431 1766 458 1806 ut
470 1772 560 1806 omnes
574 1758 600 1805 di
612 1760 742 1820 exagitent
753 1773 802 1815 mc,

62 1854 94 1894 55
110 1844 131 1892 si
144 1844 290 1906 quicquam.
317 1844 403 1906 ‘quidl
422 1846 544 1894 militibus
558 1847 684 1908 promisse
695 1846 831 1910 Triquetra

49 1987 51 1991 Α
109 1933 216 1996 praedia
227 1931 330 1991 Caesar,
346 1949 379 1981 un
393 1943 432 1982 est
444 1933 511 1982 Itala
522 1933 613 1983 tellure
628 1935 732 1983 daturus
738 1935 759 1981 ?’

109 2023 236 2070 iurantem
249 2035 290 2069 mo
302 2022 367 2071 scire
380 2022 443 2070 nihil
457 2022 582 2071 mirentur
593 2031 622 2071 ut
633 2038 713 2071 unum

109 2110 208 2158 scilicet
220 2109 316 2171 egregii
327 2110 463 2159 mortalem
475 2111 573 2173 ultique
585 2112 680 2160 silenti.

110 2197 228 2260 porgitur
239 2197 303 2245 hacc
315 2198 382 2248 inter
394 2200 488 2247 misero
501 2200 555 2258 lux,
572 2213 626 2247 non
634 2200 694 2248 'sine
707 2200 786 2247 votis:

63 2294 96 2335 60
111 2300 126 2333 o
139 2300 192 2344 rue,
208 2286 312 2347 quando
325 2301 374 2347 ego
387 2295 412 2334 tc
425 2287 558 2350 aspiciam,
575 2288 732 2350 quandoque
744 2287 831 2335 licebit

111 2388 179 2424 nunc
192 2382 305 2424 veterum
318 2374 398 2434 libris,
415 2390 485 2423 nunc
498 2389 591 2423 somno
605 2383 631 2423 et
641 2374 764 2424 inertibus
778 2375 848 2423 horis

111 2462 203 2514 ducere
217 2461 342 2514 sollicitae
354 2463 466 2511 iucunda
479 2464 575 2514 oblivia
586 2463 671 2511 vitae?

111 2565 127 2598 o
141 2552 244 2616 quondo
257 2550 318 2600 faba
330 2550 492 2613 Pythagorae
510 2560 622 2615 cognata
635 2552 760 2615 simulque

110 2647 188 2687 unctu
200 2639 262 2687 satis
275 2640 364 2702 pingui
381 2650 511 2703 ponentur
524 2642 641 2689 olusculo
653 2639 742 2689 lardo?

153 2740 247 2775 flonetius.
265 2741 294 2776 cd.
304 2742 326 2777 ΙΙ.
656 2755 683 2795 1¹1
