<?xml version="1.0" encoding="UTF-8"?>
<!DOCTYPE html PUBLIC "-//W3C//DTD XHTML 1.0 Transitional//EN"
    "http://www.w3.org/TR/xhtml1/DTD/xhtml1-transitional.dtd">
<html xmlns="http://www.w3.org/1999/xhtml" xml:lang="en" lang="en">
 <head>
  <title>
</title>
<meta http-equiv="Content-Type" content="text/html;charset=utf-8" />
  <meta name='ocr-system' content='tesseract 3.04.00' />
  <meta name='ocr-capabilities' content='ocr_page ocr_carea ocr_par ocr_line ocrx_word'/>
</head>
<body>
  <div class='ocr_page' id='page_1' title='image "./opera00haupgoog_0335.png"; bbox 0 0 1917 3117; ppageno 0'>
   <div class='ocr_carea' id='block_1_1' title="bbox 146 527 810 764">
    <p class='ocr_par' dir='ltr' id='par_1_1' title="bbox 146 527 810 764">
     <span class='ocr_line' id='line_1_1' title="bbox 315 527 644 604; baseline -0.013 -10"><span class='ocrx_word' id='word_1_1' title='bbox 315 527 346 604; x_wconf 82' lang='lat' dir='ltr'>Q.</span> <span class='ocrx_word' id='word_1_2' title='bbox 366 527 505 592; x_wconf 69' lang='lat' dir='ltr'>nornen</span> <span class='ocrx_word' id='word_1_3' title='bbox 525 528 644 593; x_wconf 74' lang='lat' dir='ltr'>aaron</span> 
     </span>
     <span class='ocr_line' id='line_1_2' title="bbox 146 674 810 764; baseline 0.002 -2"><span class='ocrx_word' id='word_1_4' title='bbox 146 674 810 764; x_wconf 79' lang='lat' dir='ltr'><strong>EPISTULARUM</strong></span> 
     </span>
    </p>
   </div>
   <div class='ocr_carea' id='block_1_2' title="bbox 342 883 614 921">
    <p class='ocr_par' dir='ltr' id='par_1_2' title="bbox 342 883 614 921">
     <span class='ocr_line' id='line_1_3' title="bbox 342 883 614 921; baseline 0 -2"><span class='ocrx_word' id='word_1_5' title='bbox 342 884 431 920; x_wconf 82' lang='lat' dir='ltr'>LIBER</span> <span class='ocrx_word' id='word_1_6' title='bbox 447 883 614 921; x_wconf 78' lang='lat' dir='ltr'>SECUNDUS.</span> 
     </span>
    </p>
   </div>
   <div class='ocr_carea' id='block_1_3' title="bbox 466 1038 489 1086">
    <p class='ocr_par' dir='ltr' id='par_1_3' title="bbox 466 1038 489 1086">
     <span class='ocr_line' id='line_1_4' title="bbox 466 1038 489 1086; baseline 0 0"><span class='ocrx_word' id='word_1_7' title='bbox 466 1038 489 1086; x_wconf 90' lang='grc' dir='ltr'>Ι.</span> 
     </span>
    </p>
   </div>
   <div class='ocr_carea' id='block_1_4' title="bbox 116 1180 791 1508">
    <p class='ocr_par' dir='ltr' id='par_1_4' title="bbox 116 1180 703 1243">
     <span class='ocr_line' id='line_1_5' title="bbox 116 1180 703 1243; baseline -0.002 -14"><span class='ocrx_word' id='word_1_8' title='bbox 116 1180 182 1229; x_wconf 87' lang='lat' dir='ltr'>Cum</span> <span class='ocrx_word' id='word_1_9' title='bbox 194 1188 233 1229; x_wconf 89' lang='lat' dir='ltr'>tot</span> <span class='ocrx_word' id='word_1_10' title='bbox 245 1181 372 1229; x_wconf 76' lang='lat' dir='ltr'>sustineas</span> <span class='ocrx_word' id='word_1_11' title='bbox 387 1188 411 1228; x_wconf 89' lang='lat' dir='ltr'>et</span> <span class='ocrx_word' id='word_1_12' title='bbox 423 1186 495 1228; x_wconf 83' lang='lat' dir='ltr'>tanta</span> <span class='ocrx_word' id='word_1_13' title='bbox 507 1181 611 1243; x_wconf 82' lang='lat' dir='ltr'>negotia</span> <span class='ocrx_word' id='word_1_14' title='bbox 623 1181 703 1239; x_wconf 90' lang='lat' dir='ltr'>solus,</span> 
     </span>
    </p>

    <p class='ocr_par' dir='ltr' id='par_1_5' title="bbox 117 1268 791 1508">
     <span class='ocr_line' id='line_1_6' title="bbox 117 1268 679 1328; baseline -0.002 -12"><span class='ocrx_word' id='word_1_15' title='bbox 117 1283 157 1316; x_wconf 88' lang='lat' dir='ltr'>res</span> <span class='ocrx_word' id='word_1_16' title='bbox 169 1268 248 1316; x_wconf 84' lang='lat' dir='ltr'>Italas</span> <span class='ocrx_word' id='word_1_17' title='bbox 261 1270 338 1317; x_wconf 87' lang='lat' dir='ltr'>armis</span> <span class='ocrx_word' id='word_1_18' title='bbox 352 1270 450 1327; x_wconf 86' lang='lat' dir='ltr'>tuteris,</span> <span class='ocrx_word' id='word_1_19' title='bbox 467 1269 580 1316; x_wconf 86' lang='lat' dir='ltr'>moribus</span> <span class='ocrx_word' id='word_1_20' title='bbox 594 1283 679 1328; x_wconf 79' lang='lat' dir='ltr'>ornes,</span> 
     </span>
     <span class='ocr_line' id='line_1_7' title="bbox 117 1357 791 1420; baseline 0 -15"><span class='ocrx_word' id='word_1_21' title='bbox 117 1358 216 1419; x_wconf 83' lang='lat' dir='ltr'>legibus</span> <span class='ocrx_word' id='word_1_22' title='bbox 230 1359 359 1416; x_wconf 85' lang='lat' dir='ltr'>emendes,</span> <span class='ocrx_word' id='word_1_23' title='bbox 375 1358 401 1406; x_wconf 92' lang='lat' dir='ltr'>in</span> <span class='ocrx_word' id='word_1_24' title='bbox 417 1358 519 1420; x_wconf 82' lang='lat' dir='ltr'>publica</span> <span class='ocrx_word' id='word_1_25' title='bbox 532 1357 667 1404; x_wconf 83' lang='lat' dir='ltr'>commoda</span> <span class='ocrx_word' id='word_1_26' title='bbox 679 1371 791 1420; x_wconf 85' lang='lat' dir='ltr'>peocem,</span> 
     </span>
     <span class='ocr_line' id='line_1_8' title="bbox 117 1444 775 1508; baseline -0.002 -15"><span class='ocrx_word' id='word_1_27' title='bbox 117 1446 139 1493; x_wconf 89' lang='lat' dir='ltr'>si</span> <span class='ocrx_word' id='word_1_28' title='bbox 152 1446 231 1508; x_wconf 82' lang='lat' dir='ltr'>longo</span> <span class='ocrx_word' id='word_1_29' title='bbox 245 1461 363 1495; x_wconf 89' lang='lat' dir='ltr'>sermone</span> <span class='ocrx_word' id='word_1_30' title='bbox 376 1461 462 1494; x_wconf 88' lang='lat' dir='ltr'>morer</span> <span class='ocrx_word' id='word_1_31' title='bbox 474 1452 519 1492; x_wconf 88' lang='lat' dir='ltr'>tua</span> <span class='ocrx_word' id='word_1_32' title='bbox 531 1453 655 1507; x_wconf 86' lang='lat' dir='ltr'>tempora,</span> <span class='ocrx_word' id='word_1_33' title='bbox 672 1444 775 1494; x_wconf 84' lang='lat' dir='ltr'>Caesar.</span> 
     </span>
    </p>
   </div>
   <div class='ocr_carea' id='block_1_5' title="bbox 88 1533 854 1949">
    <p class='ocr_par' dir='ltr' id='par_1_6' title="bbox 88 1533 854 1949">
     <span class='ocr_line' id='line_1_9' title="bbox 88 1533 797 1596; baseline 0 -16"><span class='ocrx_word' id='word_1_34' title='bbox 88 1542 101 1581; x_wconf 78' lang='lat'>5</span> <span class='ocrx_word' id='word_1_35' title='bbox 116 1533 239 1583; x_wconf 88' lang='lat' dir='ltr'><strong>Romulus</strong></span> <span class='ocrx_word' id='word_1_36' title='bbox 252 1543 278 1583; x_wconf 89' lang='lat' dir='ltr'>et</span> <span class='ocrx_word' id='word_1_37' title='bbox 288 1535 367 1582; x_wconf 87' lang='lat' dir='ltr'>Liber</span> <span class='ocrx_word' id='word_1_38' title='bbox 380 1543 452 1596; x_wconf 80' lang='lat' dir='ltr'>pater</span> <span class='ocrx_word' id='word_1_39' title='bbox 465 1541 491 1582; x_wconf 87' lang='lat' dir='ltr'>et</span> <span class='ocrx_word' id='word_1_40' title='bbox 504 1548 562 1581; x_wconf 84' lang='lat' dir='ltr'>oum</span> <span class='ocrx_word' id='word_1_41' title='bbox 575 1533 682 1581; x_wconf 79' lang='lat' dir='ltr'>Castore</span> <span class='ocrx_word' id='word_1_42' title='bbox 695 1534 797 1593; x_wconf 83' lang='lat' dir='ltr'>Pollux,</span> 
     </span>
     <span class='ocr_line' id='line_1_10' title="bbox 117 1621 768 1684; baseline 0 -14"><span class='ocrx_word' id='word_1_43' title='bbox 117 1630 176 1684; x_wconf 88' lang='lat' dir='ltr'>post</span> <span class='ocrx_word' id='word_1_44' title='bbox 187 1623 303 1684; x_wconf 84' lang='lat' dir='ltr'>ingentia</span> <span class='ocrx_word' id='word_1_45' title='bbox 315 1623 385 1669; x_wconf 84' lang='lat' dir='ltr'>laeta</span> <span class='ocrx_word' id='word_1_46' title='bbox 398 1623 504 1670; x_wconf 89' lang='lat' dir='ltr'>deorum</span> <span class='ocrx_word' id='word_1_47' title='bbox 517 1621 542 1669; x_wconf 87' lang='lat' dir='ltr'>ln</span> <span class='ocrx_word' id='word_1_48' title='bbox 556 1623 652 1684; x_wconf 88' lang='lat' dir='ltr'>templa</span> <span class='ocrx_word' id='word_1_49' title='bbox 663 1624 768 1684; x_wconf 85' lang='lat' dir='ltr'>reoepti,</span> 
     </span>
     <span class='ocr_line' id='line_1_11' title="bbox 119 1709 854 1772; baseline 0 -15"><span class='ocrx_word' id='word_1_50' title='bbox 119 1711 178 1757; x_wconf 87' lang='lat' dir='ltr'>dum</span> <span class='ocrx_word' id='word_1_51' title='bbox 191 1719 270 1758; x_wconf 88' lang='lat' dir='ltr'>terras</span> <span class='ocrx_word' id='word_1_52' title='bbox 283 1709 467 1771; x_wconf 85' lang='lat' dir='ltr'>hominumque</span> <span class='ocrx_word' id='word_1_53' title='bbox 481 1710 570 1757; x_wconf 85' lang='lat' dir='ltr'>colunt</span> <span class='ocrx_word' id='word_1_54' title='bbox 581 1725 672 1771; x_wconf 87' lang='lat' dir='ltr'>genus,</span> <span class='ocrx_word' id='word_1_55' title='bbox 681 1725 772 1772; x_wconf 87' lang='lat' dir='ltr'>aspera</span> <span class='ocrx_word' id='word_1_56' title='bbox 785 1711 854 1760; x_wconf 88' lang='lat' dir='ltr'>bella</span> 
     </span>
     <span class='ocr_line' id='line_1_12' title="bbox 117 1798 777 1860; baseline 0.002 -15"><span class='ocrx_word' id='word_1_57' title='bbox 117 1805 277 1860; x_wconf 84' lang='lat' dir='ltr'>conponunt,</span> <span class='ocrx_word' id='word_1_58' title='bbox 294 1811 370 1858; x_wconf 83' lang='lat' dir='ltr'>agros</span> <span class='ocrx_word' id='word_1_59' title='bbox 384 1798 531 1858; x_wconf 79' lang='lat' dir='ltr'>adsignant,</span> <span class='ocrx_word' id='word_1_60' title='bbox 547 1798 644 1858; x_wconf 84' lang='lat' dir='ltr'>oppida</span> <span class='ocrx_word' id='word_1_61' title='bbox 656 1799 777 1857; x_wconf 86' lang='lat' dir='ltr'>condunt,</span> 
     </span>
     <span class='ocr_line' id='line_1_13' title="bbox 117 1885 681 1949; baseline -0.007 -14"><span class='ocrx_word' id='word_1_62' title='bbox 117 1887 251 1949; x_wconf 78' lang='lat' dir='ltr'>ploravere</span> <span class='ocrx_word' id='word_1_63' title='bbox 263 1886 316 1932; x_wconf 87' lang='lat' dir='ltr'>suis</span> <span class='ocrx_word' id='word_1_64' title='bbox 329 1900 382 1932; x_wconf 92' lang='lat' dir='ltr'>non</span> <span class='ocrx_word' id='word_1_65' title='bbox 396 1885 555 1947; x_wconf 86' lang='lat' dir='ltr'>respondere</span> <span class='ocrx_word' id='word_1_66' title='bbox 567 1886 681 1932; x_wconf 83' lang='lat' dir='ltr'>favorem</span> 
     </span>
    </p>
   </div>
   <div class='ocr_carea' id='block_1_6' title="bbox 72 1972 783 2745">
    <p class='ocr_par' dir='ltr' id='par_1_7' title="bbox 72 1972 783 2390">
     <span class='ocr_line' id='line_1_14' title="bbox 72 1972 783 2036; baseline -0.006 -12"><span class='ocrx_word' id='word_1_67' title='bbox 72 1983 102 2024; x_wconf 83' lang='lat' dir='ltr'>to</span> <span class='ocrx_word' id='word_1_68' title='bbox 117 1983 246 2036; x_wconf 85' lang='lat' dir='ltr'>speratum</span> <span class='ocrx_word' id='word_1_69' title='bbox 258 1973 365 2022; x_wconf 89' lang='lat' dir='ltr'>meritis.</span> <span class='ocrx_word' id='word_1_70' title='bbox 394 1974 474 2021; x_wconf 85' lang='lat' dir='ltr'>dirern</span> <span class='ocrx_word' id='word_1_71' title='bbox 493 1973 536 2034; x_wconf 90' lang='lat' dir='ltr'>qui</span> <span class='ocrx_word' id='word_1_72' title='bbox 549 1972 664 2019; x_wconf 90' lang='lat' dir='ltr'>contudit</span> <span class='ocrx_word' id='word_1_73' title='bbox 677 1973 783 2033; x_wconf 87' lang='lat' dir='ltr'>hydram</span> 
     </span>
     <span class='ocr_line' id='line_1_15' title="bbox 116 2060 672 2125; baseline -0.004 -15"><span class='ocrx_word' id='word_1_74' title='bbox 116 2070 230 2125; x_wconf 85' lang='lat' dir='ltr'>notaque</span> <span class='ocrx_word' id='word_1_75' title='bbox 242 2061 314 2109; x_wconf 86' lang='lat' dir='ltr'>fatali</span> <span class='ocrx_word' id='word_1_76' title='bbox 327 2069 448 2123; x_wconf 87' lang='lat' dir='ltr'>portenta</span> <span class='ocrx_word' id='word_1_77' title='bbox 460 2061 551 2108; x_wconf 89' lang='lat' dir='ltr'>labore</span> <span class='ocrx_word' id='word_1_78' title='bbox 563 2060 672 2122; x_wconf 83' lang='lat' dir='ltr'>subegit,</span> 
     </span>
     <span class='ocr_line' id='line_1_16' title="bbox 117 2149 684 2213; baseline -0.005 -15"><span class='ocrx_word' id='word_1_79' title='bbox 117 2151 235 2213; x_wconf 86' lang='lat' dir='ltr'>conperit</span> <span class='ocrx_word' id='word_1_80' title='bbox 246 2150 368 2198; x_wconf 87' lang='lat' dir='ltr'>invidiam</span> <span class='ocrx_word' id='word_1_81' title='bbox 381 2164 499 2212; x_wconf 85' lang='lat' dir='ltr'>supremo</span> <span class='ocrx_word' id='word_1_82' title='bbox 513 2150 564 2196; x_wconf 87' lang='lat' dir='ltr'>fine</span> <span class='ocrx_word' id='word_1_83' title='bbox 577 2149 684 2195; x_wconf 85' lang='lat' dir='ltr'>doman&#39;.</span> 
     </span>
     <span class='ocr_line' id='line_1_17' title="bbox 116 2238 726 2302; baseline -0.005 -15"><span class='ocrx_word' id='word_1_84' title='bbox 116 2239 166 2287; x_wconf 91' lang='lat' dir='ltr'>urit</span> <span class='ocrx_word' id='word_1_85' title='bbox 178 2240 246 2287; x_wconf 89' lang='lat' dir='ltr'>enim</span> <span class='ocrx_word' id='word_1_86' title='bbox 258 2240 360 2302; x_wconf 83' lang='lat' dir='ltr'>fulgore</span> <span class='ocrx_word' id='word_1_87' title='bbox 372 2254 428 2297; x_wconf 89' lang='lat' dir='ltr'>suo,</span> <span class='ocrx_word' id='word_1_88' title='bbox 444 2240 487 2300; x_wconf 87' lang='lat' dir='ltr'>qui</span> <span class='ocrx_word' id='word_1_89' title='bbox 501 2244 652 2300; x_wconf 85' lang='lat' dir='ltr'>praegravat</span> <span class='ocrx_word' id='word_1_90' title='bbox 665 2238 726 2284; x_wconf 89' lang='lat' dir='ltr'>artis</span> 
     </span>
     <span class='ocr_line' id='line_1_18' title="bbox 116 2326 725 2390; baseline -0.005 -16"><span class='ocrx_word' id='word_1_91' title='bbox 116 2327 184 2374; x_wconf 86' lang='lat' dir='ltr'>infra</span> <span class='ocrx_word' id='word_1_92' title='bbox 197 2342 224 2375; x_wconf 84' lang='lat' dir='ltr'>se</span> <span class='ocrx_word' id='word_1_93' title='bbox 237 2328 348 2390; x_wconf 85' lang='lat' dir='ltr'>positas:</span> <span class='ocrx_word' id='word_1_94' title='bbox 371 2327 497 2375; x_wconf 81' lang='lat' dir='ltr'>extinctus</span> <span class='ocrx_word' id='word_1_95' title='bbox 511 2327 637 2374; x_wconf 86' lang='lat' dir='ltr'>amabitur</span> <span class='ocrx_word' id='word_1_96' title='bbox 648 2326 725 2373; x_wconf 88' lang='lat' dir='ltr'>idem.</span> 
     </span>
    </p>

    <p class='ocr_par' dir='ltr' id='par_1_8' title="bbox 73 2415 774 2745">
     <span class='ocr_line' id='line_1_19' title="bbox 73 2415 692 2477; baseline -0.003 -14"><span class='ocrx_word' id='word_1_97' title='bbox 73 2423 103 2463; x_wconf 79' lang='grc'>15</span> <span class='ocrx_word' id='word_1_98' title='bbox 120 2417 249 2477; x_wconf 88' lang='lat' dir='ltr'>praesenti</span> <span class='ocrx_word' id='word_1_99' title='bbox 261 2416 307 2464; x_wconf 89' lang='lat' dir='ltr'>tibi</span> <span class='ocrx_word' id='word_1_100' title='bbox 320 2423 432 2462; x_wconf 86' lang='lat' dir='ltr'>maturos</span> <span class='ocrx_word' id='word_1_101' title='bbox 445 2415 569 2477; x_wconf 87' lang='lat' dir='ltr'>largimur</span> <span class='ocrx_word' id='word_1_102' title='bbox 581 2415 692 2461; x_wconf 87' lang='lat' dir='ltr'>honores</span> 
     </span>
     <span class='ocr_line' id='line_1_20' title="bbox 115 2503 748 2566; baseline -0.003 -16"><span class='ocrx_word' id='word_1_103' title='bbox 115 2503 288 2566; x_wconf 87' lang='lat' dir='ltr'>iurandasque</span> <span class='ocrx_word' id='word_1_104' title='bbox 301 2513 371 2552; x_wconf 85' lang='lat' dir='ltr'>tuurn</span> <span class='ocrx_word' id='word_1_105' title='bbox 383 2518 428 2566; x_wconf 91' lang='lat' dir='ltr'>per</span> <span class='ocrx_word' id='word_1_106' title='bbox 441 2518 537 2552; x_wconf 87' lang='lat' dir='ltr'>numen</span> <span class='ocrx_word' id='word_1_107' title='bbox 550 2503 669 2565; x_wconf 87' lang='lat' dir='ltr'>ponimus</span> <span class='ocrx_word' id='word_1_108' title='bbox 682 2516 748 2559; x_wconf 84' lang='lat' dir='ltr'>aras,</span> 
     </span>
     <span class='ocr_line' id='line_1_21' title="bbox 116 2591 718 2651; baseline -0.005 -12"><span class='ocrx_word' id='word_1_109' title='bbox 116 2593 153 2639; x_wconf 90' lang='lat' dir='ltr'>nil</span> <span class='ocrx_word' id='word_1_110' title='bbox 166 2593 288 2639; x_wconf 87' lang='lat' dir='ltr'>oriturum</span> <span class='ocrx_word' id='word_1_111' title='bbox 301 2592 372 2651; x_wconf 86' lang='lat' dir='ltr'>alias,</span> <span class='ocrx_word' id='word_1_112' title='bbox 389 2593 424 2640; x_wconf 90' lang='lat' dir='ltr'>nil</span> <span class='ocrx_word' id='word_1_113' title='bbox 440 2599 523 2640; x_wconf 89' lang='lat' dir='ltr'>ortum</span> <span class='ocrx_word' id='word_1_114' title='bbox 536 2592 588 2640; x_wconf 88' lang='lat' dir='ltr'>tale</span> <span class='ocrx_word' id='word_1_115' title='bbox 600 2591 718 2639; x_wconf 82' lang='lat' dir='ltr'>fatentes.</span> 
     </span>
     <span class='ocr_line' id='line_1_22' title="bbox 117 2679 774 2745; baseline -0.002 -19"><span class='ocrx_word' id='word_1_116' title='bbox 117 2680 162 2727; x_wconf 87' lang='lat' dir='ltr'>sed</span> <span class='ocrx_word' id='word_1_117' title='bbox 175 2687 231 2727; x_wconf 85' lang='lat' dir='ltr'>tuus</span> <span class='ocrx_word' id='word_1_118' title='bbox 244 2681 285 2728; x_wconf 86' lang='lat' dir='ltr'>hic</span> <span class='ocrx_word' id='word_1_119' title='bbox 298 2682 417 2743; x_wconf 87' lang='lat' dir='ltr'>populus,</span> <span class='ocrx_word' id='word_1_120' title='bbox 434 2682 536 2745; x_wconf 86' lang='lat' dir='ltr'>sapiens</span> <span class='ocrx_word' id='word_1_121' title='bbox 550 2686 576 2727; x_wconf 89' lang='lat' dir='ltr'>et</span> <span class='ocrx_word' id='word_1_122' title='bbox 587 2679 668 2727; x_wconf 86' lang='lat' dir='ltr'>iustus</span> <span class='ocrx_word' id='word_1_123' title='bbox 680 2679 708 2726; x_wconf 95' lang='lat' dir='ltr'>in</span> <span class='ocrx_word' id='word_1_124' title='bbox 721 2693 774 2726; x_wconf 90' lang='lat' dir='ltr'>uno</span> 
     </span>
    </p>
   </div>
   <div class='ocr_carea' id='block_1_7' title="bbox 0 0 974 3117">
    <p class='ocr_par' dir='ltr' id='par_1_9' title="bbox 0 0 974 3117">
     <span class='ocr_line' id='line_1_23' title="bbox 0 0 974 3117; baseline 0 0"><span class='ocrx_word' id='word_1_125' title='bbox 0 0 974 3117; x_wconf 95' lang='lat' dir='ltr'> </span> 
     </span>
    </p>
   </div>
  </div>
 </body>
</html>
