1917 3117
392 258 482 296 creua
499 258 532 294 11.
775 252 827 304 229

102 418 163 478 quin
177 416 221 463 ubi
234 430 261 464 se
274 431 290 462 a
301 417 378 478 volgo
393 424 417 464 et
431 429 525 463 scaena
537 414 563 461 in
577 423 675 462 secreta
695 421 825 463 remorant

100 505 176 554 virtus
191 503 327 566 Scipiadae
340 512 366 552 et
378 504 445 552 mitis
459 503 587 565 sapientia
599 502 682 556 Laeli,

101 592 192 655 nugari
205 607 263 641 cum
274 593 320 640 illo
336 600 362 641 et
374 592 492 639 discincti
505 591 601 649 ludere,
618 592 700 640 donec

103 682 287 743 decoqueretur
293 681 359 738 olus,
369 680 447 728 soliti.
463 680 588 743 quidquid
596 695 653 727 sum
660 694 717 742 ego,
728 678 843 742 quamvis

56 780 86 820 '15
101 770 168 817 infra
180 769 263 817 Lucili
277 784 382 817 censum
395 770 586 831 ingeniumque,
597 776 682 817 tamen
696 782 736 816 mc

101 872 159 904 curn
171 858 271 920 magnis
285 857 379 905 vixisse
390 857 470 905 inrita
483 856 604 905 fatebitur
617 872 699 919 nsque

101 945 205 1004 invidia,
221 955 246 995 et
258 946 343 1010 fragili
362 961 487 1009 quaerens
501 946 609 995 inlidere
623 947 733 1005 dentem,

103 1034 216 1083 offendet
228 1035 321 1094 solido,
337 1035 387 1083 nisi
406 1035 466 1097 quid
480 1045 517 1093 tn,
533 1036 607 1083 docte
620 1036 733 1093 Trebati,

104 1123 233 1172 dissentis.
260 1123 387 1186 ‘equidem
400 1124 463 1173 nibil
478 1125 538 1172 hinc
551 1124 686 1185 diffingere
700 1137 818 1184 possum.

60 1220 91 1260 ao
106 1211 151 1259 sed
164 1220 249 1260 tamen
261 1221 289 1260 ut
301 1214 412 1261 monitus
426 1228 525 1273 caveas,
540 1228 573 1262 ne
587 1214 653 1261 sorte
667 1211 753 1273 negoti

106 1301 213 1350 incutiat
225 1301 269 1349 tibi
282 1301 342 1364 quid
356 1311 502 1360 sanctarum
514 1302 616 1350 inscitia
629 1302 722 1364 legum.

106 1390 127 1436 si
140 1390 209 1438 male
220 1391 363 1440 condiderit
375 1392 402 1440 in
416 1407 492 1455 quem
505 1391 561 1455 quis
574 1391 697 1448 carmina,
711 1390 751 1436 ius
765 1396 803 1437 cst

106 1479 297 1542 iudiciumque.³
322 1489 386 1540 esto,
403 1481 482 1544 siquis
495 1482 576 1529 mala:
599 1480 643 1529 sed
658 1481 727 1527 bona
740 1477 822 1539 siquis

105 1568 189 1615 iudice
202 1569 345 1617 condiderit
356 1569 474 1617 laudatus
488 1570 615 1619 Caesare?
635 1569 713 1631 siquis

60 1664 92 1704 85
109 1656 254 1717 opprobriis
269 1657 374 1717 dignum
386 1657 524 1716 latraverit,
539 1659 639 1720 integer
652 1657 725 1721 ipse?

106 1743 247 1791 ‘solventur
258 1744 309 1791 risu
323 1744 434 1803 tabulae,
450 1754 477 1793 tu
490 1748 582 1793 missus
596 1746 698 1794 abibis!

452 2114 488 2162 ll.

109 2275 182 2336 Quae
195 2278 271 2325 virtus
285 2285 310 2323 et
322 2283 427 2337 quanta,
444 2274 515 2332 boni,
531 2276 563 2323 sit
576 2275 658 2322 vivere
672 2289 750 2337 parvo

109 2369 169 2428 (nec
180 2379 250 2413 meus
263 2364 305 2413 hic
316 2378 399 2412 sermo
413 2373 460 2422 est,
471 2364 516 2409 scd
530 2377 596 2425 quae
608 2364 737 2426 praecepit
745 2363 848 2412 Ofellus

108 2454 224 2512 rusticus,
240 2453 369 2501 abnormis
383 2453 487 2515 sapiens
505 2466 642 2514 crassaque
654 2452 780 2515 Minerva)

109 2542 206 2600 discite,
224 2555 275 2589 non
288 2542 355 2590 inter
368 2541 448 2589 lancia
462 2555 615 2603 mensasque
627 2541 741 2600 nitentis,

80 2640 93 2677 5
109 2644 166 2676 cum
179 2638 264 2692 stupet
275 2630 372 2678 insanis
386 2631 454 2678 acies
467 2629 611 2693 fulgoribus
625 2636 649 2677 et
665 2644 721 2676 curn

108 2717 218 2765 adclinis
232 2717 303 2766 falsis
317 2719 415 2766 animus
428 2719 536 2767 meliora
549 2731 658 2778 recusat,
