1917 3117
122 221 173 271 170
435 224 556 265 urouou

120 382 160 430 sol
173 381 281 444 adspicit
292 384 439 447 conopium.

121 470 204 519 adhuc
217 470 349 519 frementis
361 479 491 521 verterunt
503 472 542 520 bis
553 472 623 521 mille
636 485 717 534 equos

123 559 192 609 Galli
205 568 326 608 canentes
340 559 486 619 Caesarem,

121 648 302 711 hostiliumque
314 649 415 697 navium
428 655 504 713 portu
516 649 598 697 latent

68 746 101 787 to
122 752 219 801 puppes
233 737 406 786 sinistrorsum
419 738 494 787 citae.

121 826 146 874 io
159 826 307 888 Triumphe,
323 836 350 874 tu
362 826 468 875 moraris
482 841 574 876 aurcos

122 930 208 963 currus
222 922 246 963 et
259 915 368 964 intactas
381 915 477 964 boves?

120 1004 146 1052 io
160 1003 308 1066 Triumphe,
324 1018 372 1052 uec
385 1003 537 1066 Iugurthino
550 1020 638 1068 parem

122 1093 190 1142 bello
203 1093 339 1155 reportasti
352 1092 452 1152 ducem,

71 1188 101 1231 25
122 1195 206 1243 neque
218 1180 378 1239 Africanum,
394 1182 435 1228 cui
447 1196 525 1245 super
538 1181 720 1245 Carthaginem

120 1270 199 1318 virtus
213 1271 357 1333 sepulcrum
369 1270 493 1318 condidit.

120 1366 188 1407 terra
199 1358 313 1421 marique
325 1357 405 1406 victus
418 1359 498 1407 hostis
511 1360 605 1423 punico

121 1447 230 1509 lugubre
242 1447 349 1495 mutabit
365 1461 464 1509 sagum.

122 1543 166 1583 aut
177 1534 221 1585 ille
235 1543 338 1584 centum
355 1531 470 1585 uobilem
483 1535 586 1585 Cretam
603 1536 708 1585 urbibus

70 1631 101 1674 30
121 1623 202 1673 ventis
215 1624 295 1673 iturus
307 1639 360 1673 non
373 1625 434 1684 suis,

122 1713 273 1762 exercitatas
286 1721 329 1762 aut
342 1715 406 1777 petit
417 1712 499 1775 Syrtis
512 1721 583 1770 noto,

122 1810 166 1850 aut
178 1802 258 1851 fertur
269 1803 366 1851 incerto
379 1803 451 1851 mari.
657 1795 661 1800 ’

122 1891 270 1954 capaciores
285 1891 357 1941 adfer
368 1891 427 1950 huo,
444 1906 516 1954 puer,
533 1891 643 1955 scyphos

122 1986 147 2029 et
160 1979 225 2028 Chia
236 1980 295 2028 vina
306 1987 351 2028 aut
361 1979 464 2040 Lesbia,

71 2076 102 2117 31
122 2069 161 2118 vel
175 2070 243 2131 quod
256 2068 376 2117 fluentem
388 2082 511 2117 nauseam
523 2075 640 2118 coerceat

121 2158 210 2206 metire
221 2158 296 2206 uobis
309 2155 463 2205 Caecubum.

122 2261 208 2295 curam
220 2253 366 2309 metumque
379 2244 497 2294 Caesaris
509 2261 593 2295 rerum
606 2248 675 2295 iuvat

123 2335 189 2383 dulci
203 2335 290 2397 Lyaeo
304 2335 411 2383 solvere.
