1917 3117
402 196 492 233 LIBER
505 196 525 233 1.

103 366 181 413 saepe
194 351 273 399 tribus
286 352 358 399 lectis
371 352 456 400 videas
470 367 563 400 cenare
576 362 724 415 quaternos,

103 454 118 487 e
131 440 222 501 quibus
236 454 300 486 unus
313 448 381 487 amet
393 442 481 503 quavis
495 441 649 504 adspergere
662 451 767 490 cunctos

106 537 208 590 praeter
220 542 278 576 eum
290 528 333 590 qui
346 530 452 590 praebet
464 543 572 591 aquam3
588 539 646 592 post
659 531 728 577 hunc
742 545 845 593 quoque

464 625 548 680 potus,

105 705 208 752 condita
221 720 278 752 oum
290 719 368 753 verax
380 706 462 768 aperit
473 707 624 768 praecordia
637 706 723 754 Liber.

55 801 89 841 00
105 793 146 840 hic
158 793 203 841 tibi
217 795 297 841 cornis
311 803 336 841 et
347 795 459 842 urbanus
473 794 586 856 liberque
599 794 706 852 videtur,

103 881 198 929 infesto
212 882 305 944 nigris:
327 896 375 944 ego
388 883 410 929 si
422 881 474 940 risi,
492 883 561 944 quod
573 882 675 944 ineptus

104 969 222 1031 pastillos
236 970 344 1018 Rufillus
358 971 418 1028 olet,
436 970 581 1032 Gorgonius
594 971 700 1028 hircum,

104 1058 195 1105 lividus
209 1067 234 1105 et
246 1060 354 1105 mordax
366 1058 455 1106 videor
466 1058 531 1106 tibi?
547 1058 643 1106 mentio
660 1060 734 1120 siqua

107 1146 138 1193 de
151 1145 290 1208 Capitolini
303 1146 375 1195 furtis
385 1148 479 1195 iniecta
490 1147 576 1195 Petilli

57 1241 91 1282 05
104 1240 131 1281 tc
144 1248 230 1282 coram
243 1234 326 1294 fuerit,
343 1235 464 1283 defendas
477 1242 506 1282 ut
516 1242 574 1283 tuus
588 1242 626 1282 est
637 1249 708 1281 mos:

105 1322 154 1369 ‘me
167 1321 327 1385 Capitolinus
341 1324 487 1372 convictore
499 1338 560 1370 usus
573 1322 706 1384 amicoque

104 1424 120 1457 a
131 1425 210 1472 puero
224 1419 270 1470 est,
280 1427 409 1474 causaque
421 1426 479 1459 mea
492 1411 618 1473 permulta
630 1419 734 1472 rogatus

104 1498 175 1558 fecit,
191 1507 217 1547 et
227 1500 363 1548 incolumis
377 1501 459 1548 laetor
472 1500 540 1562 quod
554 1500 615 1547 vivit
627 1499 743 1566 inurbe;

105 1586 150 1634 sed
163 1594 249 1635 tamen
262 1588 374 1636 admiror
388 1603 439 1650 quo
453 1596 529 1650 pacto
542 1588 665 1635 iudicium
677 1587 739 1635 iliud

41 1682 89 1722 100
105 1674 218 1735 fugerit.’
243 1675 283 1721 hic
296 1676 384 1737 nigrae
397 1690 472 1723 sucus
486 1676 617 1737 lolliginis‚
633 1677 696 1723 haec
710 1684 748 1724 est

105 1776 202 1824 aerugo
215 1776 299 1810 mera:
319 1764 388 1823 quod
406 1763 494 1810 vitium
506 1765 596 1825 procul
610 1764 681 1811 afore
693 1764 797 1822 chartis,

106 1858 183 1912 atque
196 1850 282 1897 animo
295 1851 373 1912 prius,
389 1859 417 1898 ut
430 1851 514 1912 siquid
528 1852 675 1913 promittere
689 1852 721 1898 de
735 1867 775 1900 me

105 1952 211 2001 possum
223 1938 292 1985 alind
306 1953 373 1997 vere,
388 1939 518 2001 promitto.
546 1939 648 1986 liberius
663 1940 684 1985 si

105 2027 194 2075 dixero
209 2026 279 2089 quid,
296 2027 317 2074 si
329 2026 395 2075 forte
408 2026 530 2085 iocosius,
545 2027 594 2074 hoc
606 2025 668 2074 mihi
679 2027 740 2074 iuris

42 2123 91 2163 105
107 2130 165 2163 curn
177 2116 252 2164 venia
265 2115 352 2163 dabis:
372 2115 483 2162 insuevit
494 2123 567 2177 pater
579 2114 690 2176 optimus
703 2115 753 2162 hoc
765 2129 815 2171 me,

103 2212 132 2252 ut
143 2203 258 2267 fugerem
271 2203 395 2266 exemplis
408 2203 526 2251 vitiorum
539 2217 656 2265 quaeque
672 2203 797 2250 notando.

105 2306 162 2339 curn
173 2307 214 2340 me
227 2293 379 2351 hortaretur,
394 2306 472 2354 parce
484 2291 617 2354 frugaliter
629 2299 704 2354 atque

105 2381 213 2429 viverem
225 2382 261 2429 uti
275 2387 410 2429 contentus
423 2394 454 2428 eo
467 2380 538 2442 quod
550 2381 585 2427 mi
597 2380 653 2443 ipse
665 2389 790 2442 parasset.

103 2468 199 2517 ‘nonne
211 2470 289 2528 vides,
305 2470 367 2517 Albi
379 2478 407 2517 ut
419 2470 487 2517 male
499 2469 566 2515 vivat
583 2469 659 2527 filius,
674 2476 753 2531 utque

45 2565 91 2604 110
105 2556 285 2621 Barusinops?
297 2572 419 2620 magnum
427 2558 616 2616 documentum,
626 2572 660 2605 ne
668 2557 775 2619 patriam
782 2572 837 2605 rem

106 2647 213 2708 perdere
226 2648 282 2708 quis
295 2647 355 2695 velit
363 2647 381 2693 :’
400 2662 416 2693 a
428 2645 497 2708 turpi
509 2645 650 2693 meretricis
664 2661 752 2694 amore
