1917 3117
418 206 516 244 mana.

94 370 123 410 ut
134 362 198 410 haee
210 362 328 411 trementi
342 370 446 425 questus
459 378 504 412 ore
516 363 632 412 constitit

94 451 237 512 insignibus
249 452 327 514 raptis
341 465 413 514 puer,

93 540 190 603 inpube
203 554 304 602 corpus,
321 540 397 602 quale
409 549 496 603 posset
507 540 579 603 inpia

93 627 195 675 mollire
208 626 335 675 Thracum
348 637 461 691 pectora,

45 725 73 763 15
94 714 203 763 Canidia
216 715 332 763 brevibus
345 716 469 779 inplicata
480 716 573 779 viperis

94 803 171 852 crinis
185 810 210 851 et
221 804 378 867 incomptum
392 813 468 867 caput

91 892 163 939 iubet
175 892 296 955 sepulcris
310 893 442 955 caprificos
457 902 550 953 erutas,

91 981 163 1029 iubet
175 995 309 1044 cupressus
322 981 435 1029 funebris

92 1078 118 1119 et
130 1078 206 1117 uncta
218 1070 298 1133 turpis
312 1083 360 1117 ova
372 1084 450 1118 ranae
462 1070 589 1133 sangnine

40 1169 71 1208 20
94 1160 257 1223 plumamque
270 1168 413 1208 noeturnae
425 1159 510 1222 strigis

92 1249 243 1309 herbasque,
259 1262 323 1310 quas
335 1247 421 1296 Iolcos
434 1256 511 1310 atque
524 1247 629 1296 Hiberia

92 1336 169 1385 mittit
180 1351 338 1384 venenorum
350 1336 431 1394 ferax,

93 1432 120 1472 et
131 1439 190 1472 ossa
203 1424 234 1472 ab
248 1438 293 1472 ore
305 1432 378 1487 rapta
391 1425 491 1473 ieiunae
505 1426 575 1474 canis

92 1513 201 1560 flammis
215 1513 286 1560 aduri
300 1511 436 1561 Colchicis.

40 1612 71 1651 25
94 1610 121 1649 at
132 1602 252 1664 expedita
264 1599 377 1664 Sagana,
393 1617 439 1665 per
450 1611 531 1652 totam
544 1603 648 1651 domum

94 1704 218 1753 spargens
230 1690 365 1738 Avernalis
378 1705 468 1753 aquas,

92 1780 179 1827 horret
191 1779 290 1841 capillis
304 1787 332 1826 ut
344 1780 456 1827 marinus
470 1781 566 1842 asperis

92 1867 199 1935 echinus
212 1876 255 1914 aut
266 1867 383 1915 Laurens
396 1882 467 1931 aper.

93 1958 184 2006 abacta
198 1955 270 2004 nulla
281 1956 346 2004 Veia
359 1956 517 2005 conscientia

38 2057 69 2098 30
93 2046 223 2110 ligonibus
238 2046 306 2093 duris
318 2045 423 2093 humum

94 2135 260 2184 exhauriebat
271 2134 404 2197 ingemens
417 2133 557 2192 laboribus,

93 2239 145 2288 quo
159 2232 248 2287 posset
260 2223 373 2271 infossus
386 2237 450 2285 puer

93 2315 173 2375 longo
188 2312 228 2361 die
242 2312 280 2361 bis
293 2320 381 2374 terque
394 2317 506 2359 mutatae
520 2309 593 2372 dapis

93 2401 201 2450 inemori
214 2402 371 2465 spectaculo,

40 2501 72 2547 35
94 2506 152 2538 cum
165 2490 322 2553 promineret
334 2504 379 2538 ore
391 2498 514 2553 quantum
526 2495 709 2551 exstanteque

94 2593 219 2642 suspensa
231 2587 318 2627 mento
331 2593 454 2642 eorpora3

94 2677 199 2717 exsucta
211 2669 247 2717 uti
260 2668 372 2717 medulla
384 2676 409 2716 et
421 2668 520 2715 aridum
532 2666 601 2715 ieeur

635 2773 683 2821 ll’
