1917 3117
130 191 148 240 4
416 194 580 234 cnnnmnn

134 352 222 400 laudat
234 367 293 400 rura
305 353 360 400 sni:
381 367 443 400 mox
455 352 536 401 reficit
548 354 608 400 ratis

134 455 251 503 quassas,
266 441 384 488 indocilis
398 441 548 504 pauperiem
561 442 623 505 pati.

134 530 228 591 estqui
240 544 288 578 nee
301 529 391 577 veteris
404 531 498 593 pocula
511 529 614 577 Massici

83 624 114 665 20
135 631 184 665 nee
197 626 295 681 partem
308 618 392 667 solido
406 620 509 666 demere
522 620 554 667 de
567 619 608 667 die

133 759 241 821 spernit,
258 773 325 806 nunc
338 758 411 805 viridi
424 760 538 808 membra
551 763 598 809 sub
612 763 702 810 arbuto

133 854 239 905 stratus,
262 862 330 896 nune
350 849 381 894 ad
402 862 485 910 aquae
498 850 556 897 lene
569 859 646 914 caput
657 865 753 899 sacrae.

134 936 229 984 multos
243 945 327 985 castre
339 937 426 985 iuvant
439 947 464 985 et
476 938 541 987 lituo
554 941 631 988 tubae

135 1026 274 1096 permixtus
288 1026 386 1074 sonitus
401 1027 520 1090 bellaque
532 1028 654 1077 matribus

81 1173 112 1214 25
134 1168 270 1216 detestata.
298 1176 386 1216 manet
398 1171 446 1216 sub
458 1170 521 1217 Iove
533 1169 626 1232 frigido

134 1264 241 1304 venator
253 1265 356 1305 tenerae
370 1258 487 1320 coniugis
500 1258 633 1312 inmemor,

132 1359 178 1392 seu
191 1346 245 1393 visa
259 1354 297 1394 est
310 1347 400 1394 catulis
414 1361 489 1394 cerva
502 1347 628 1405 fidelibus,

131 1447 177 1481 seu
190 1434 258 1497 rupit
270 1442 362 1483 teretes
376 1436 476 1482 Marsus
491 1450 553 1498 aper
564 1437 663 1498 plagas.

132 1589 173 1622 me
186 1575 319 1623 doctarum
331 1576 441 1624 hederae
453 1578 568 1640 praemia
579 1577 701 1626 frontium

81 1671 111 1713 30
132 1662 171 1709 dis
185 1663 292 1712 miscent
305 1665 416 1727 senens,
431 1681 472 1714 me
485 1667 598 1728 gelidum
612 1682 701 1714 nemus

132 1752 352 1814 nympharumque
368 1753 437 1801 leves
456 1770 513 1802 cnm
527 1756 617 1817 satyris
630 1756 701 1804 chori

133 1849 270 1889 secernunt
282 1842 389 1904 populo,
404 1843 425 1889 si
439 1859 523 1906 neque
536 1845 612 1893 tibias

131 1981 242 2045 Euterpe
256 1983 358 2032 cohibet
371 1999 419 2033 nec
432 1987 601 2048 Polyhymnia
683 2051 688 2059 .

131 2071 262 2119 Lesboum
274 2072 368 2134 refugit
380 2075 486 2122 tendere
499 2076 626 2124 barbiton.

80 2167 110 2207 ³5
132 2161 225 2222 quodsi
238 2175 279 2208 me
292 2161 376 2222 lyricis
391 2162 490 2210 vatibus
502 2164 608 2220 inseres,

132 2248 234 2296 sublimi
246 2249 336 2297 feriam
350 2250 435 2299 sidera
448 2252 549 2300 veitice.

753 2191 760 2212 λ
