1917 3117
126 194 178 244 232
403 197 577 237 sarrnreun

126 354 196 403 cuins
210 355 316 403 odorem
328 354 378 403 olei
392 367 505 416 nequeas
518 352 641 415 perferre,
657 352 744 401 licebit

79 451 110 491 bo
125 442 169 491 ille
182 442 281 505 repotia
293 442 386 490 natalis
399 442 496 490 aliosve
509 442 607 489 dierum

126 531 206 579 festos
219 532 320 579 albatus
333 530 453 589 celebret,
469 545 550 578 cornu
568 531 623 592 ipse
636 529 721 578 bilibri

126 621 240 668 caulibus
253 618 368 677 instillat,
384 619 474 667 veteris
488 633 541 667 non
555 633 647 680 parcus
661 617 735 666 aceti.

127 708 196 771 quali
207 708 284 770 igitur
296 707 362 755 victu
374 707 476 770 sapiens
490 715 582 765 utetur,
599 714 624 756 et
636 707 727 755 horum

125 804 210 844 utrum
215 795 370 844 imitabitur?
383 795 431 843 hae
441 795 624 858 urguetlupus‚
635 795 769 852 baccanis,
779 794 862 843 aiunt.

39 896 44 904 '
80 893 110 932 ot
125 885 234 933 mundus
248 885 303 943 erit,
320 898 372 946 qua
384 898 437 931 non
451 883 565 932 offendat
578 884 705 942 sordibus,
721 891 797 944 atque

125 974 150 1021 in
164 980 281 1021 neutram
294 980 393 1034 partem
406 973 489 1020 cultus
501 972 587 1021 miser.
615 973 656 1020 hic
670 986 753 1034 neque
771 970 861 1030 servis,
910 1022 914 1029 ,

124 1061 214 1109 Albuti
226 1061 295 1109 senis
309 1041 437 1123 exemplo,
453 1061 514 1109 dum
526 1062 614 1110 munia
627 1061 691 1109 didit

126 1164 216 1198 saevus
230 1149 290 1209 erit;
313 1164 361 1198 nec
374 1148 409 1197 sic
422 1157 449 1197 ut
462 1150 571 1212 simplex
583 1149 693 1198 Naevius
707 1156 809 1196 unctam

126 1238 237 1287 convivis
266 1238 399 1300 praebebit
423 1252 532 1299 aquam:
564 1238 651 1286 vitium
681 1238 731 1285 hoc
760 1250 866 1299 quoque

427 1337 429 1342 ’
486 1341 617 1388 magnum.

80 1423 111 1463 το
125 1415 214 1477 accipe
226 1429 303 1472 nuuc,
319 1415 397 1463 victus
410 1416 494 1463 tenuis
508 1429 574 1477 quae
587 1423 735 1477 quantaque
753 1428 842 1462 secum

126 1503 232 1551 adferat.
260 1502 286 1550 in
300 1503 389 1565 primis
402 1504 488 1551 valeus
502 1504 577 1553 bene.
607 1518 667 1551 nam
679 1503 764 1550 variae
781 1516 822 1549 res

125 1599 153 1639 ut
165 1599 277 1639 noceant
289 1591 395 1664 homini,
410 1593 511 1651 credas,
525 1606 624 1640 memor
635 1591 704 1639 illius
724 1605 807 1650 escae,

126 1694 193 1741 quae
205 1679 313 1742 simplex
326 1681 388 1729 olim
400 1680 446 1729 tibi
459 1681 566 1730 sederit:
589 1689 615 1728 et
627 1680 700 1728 simul
721 1679 785 1727 assis

127 1768 259 1816 miscueris
273 1768 350 1828 elixa,
366 1770 442 1817 simul
456 1770 592 1832 conchylia
604 1768 694 1828 turdis,

80 1864 111 1905 lt
126 1856 210 1904 dulcia
223 1871 251 1906 se
263 1857 290 1905 in
303 1858 381 1907 bilem
394 1865 501 1916 vertent,
516 1858 701 1920 stomachoque
714 1859 851 1906 tumultum

127 1945 197 1993 lenta
209 1945 273 1994 feret
285 1946 385 2009 pituita.
413 1948 483 1995 vides
497 1955 524 1994 ut
537 1946 648 2009 pallidus
662 1946 745 1994 omnis

127 2047 192 2082 cena
205 2034 325 2097 desurgat
337 2035 432 2083 dubia?
452 2035 513 2098 quin
527 2049 619 2097 corpus
639 2044 758 2084 onustum
834 2058 836 2061 ·

126 2121 251 2170 hesternis
264 2123 329 2171 vitiis
342 2126 455 2172 animum
468 2138 571 2186 quoque
584 2131 736 2186 praegravat
748 2138 801 2171 una

126 2217 203 2274 atque
216 2212 305 2273 adfigit
318 2213 395 2261 humo
409 2212 509 2260 divinae
522 2212 674 2275 particulam
691 2226 777 2260 aurae.

81 2307 112 2347 8⁰
126 2299 199 2358 alter,
214 2300 257 2347 ubi
271 2301 338 2350 dicto
352 2301 424 2349 citius
438 2308 526 2349 curata
538 2301 626 2363 sopori

126 2390 240 2437 membra
252 2389 330 2449 dedit,
340 2397 445 2452 vegetus
456 2389 616 2453 praescripta
627 2391 659 2437 ad
672 2388 760 2437 munia
772 2389 866 2451 surgit.

126 2475 166 2523 hic
178 2484 264 2526 tamen
276 2479 308 2525 ad
321 2480 412 2528 melius
425 2479 519 2541 poterit
531 2486 704 2527 transcurrere
716 2478 865 2541 quondam3

125 2564 177 2613 sive
191 2565 257 2613 diem
270 2566 363 2615 festum
375 2567 475 2616 rediens
489 2567 621 2616 advexerit
639 2581 731 2625 annus,

125 2666 171 2701 seu
183 2667 299 2704 recreare
312 2656 380 2704 volet
393 2663 526 2703 tenuatum
544 2670 647 2719 corpus,
662 2656 758 2718 ubique
