1917 3117
132 187 184 236 270
387 189 602 229 nrrsrotunnn

131 361 202 394 nunc
217 345 244 393 in
257 346 382 408 Aristippi
394 346 483 395 furtim
495 354 633 410 praecepta
644 346 747 395 relabor

131 442 157 484 et
169 435 232 483 mihi
244 449 295 494 res,
310 449 364 482 non
377 449 419 483 me
432 436 507 483 rebus
520 435 675 496 subiungere
688 448 778 483 conor.

86 531 116 572 ιο
131 532 159 572 ιιι
172 538 226 571 nox
238 524 317 584 longa
330 524 421 585 quibus
434 525 557 572 mentitur
568 523 659 582 amica,
675 523 780 585 diesque

132 612 212 674 longa
223 611 322 660 videtur
334 626 398 674 opus
412 612 574 673 debentibus,
589 621 618 661 ut
630 613 703 676 piger
715 625 799 659 nunus

133 701 239 764 pupillis
253 714 318 762 quoe
332 700 395 747 duro
407 701 498 763 premit
511 702 627 750 custodie
638 708 756 759 matrum,

132 790 168 837 sic
179 789 241 837 mihi
251 789 325 837 tarda
338 789 420 837 fluunt
432 789 584 851 ingrataque
596 797 713 851 tempore
724 803 872 852 queespem

131 878 316 940 consiliumque
328 886 461 926 morentur
473 878 567 939 egendi
579 878 695 940 gnaviter
707 877 733 925 id
746 878 816 939 quod

86 975 116 1016 25
131 981 212 1028 aeque
226 967 380 1029 pauperibus
397 968 511 1029 prodest,
527 966 697 1029 locupletibus
710 979 800 1028 aeque,

132 1069 213 1116 aeque
225 1055 372 1117 neglectum
384 1055 469 1118 pueris
482 1055 636 1117 senibusque
648 1055 760 1102 nocebit.

131 1150 210 1192 restat
222 1143 301 1191 uthis
314 1158 363 1205 ego
376 1157 415 1192 me
427 1143 578 1206 ipseregam
590 1143 710 1205 solerque
723 1142 868 1191 elementis.

132 1246 185 1281 non
199 1231 282 1295 possis
296 1232 371 1279 oculo
385 1240 511 1294 quantum
523 1232 680 1279 contendere
690 1230 819 1292 Lynceus,

64 1345 82 1353 --
132 1334 186 1368 non
198 1327 284 1368 temen
296 1320 391 1369 idcirco
404 1329 555 1369 contemnas
568 1319 655 1382 lippus
666 1320 790 1381 inungui;

86 1417 116 1458 30
131 1423 189 1468 nec,
204 1410 264 1471 quia
277 1409 396 1472 desperes
409 1409 496 1456 invicti
508 1409 622 1457 membre
635 1407 766 1470 Glyconis,

132 1497 233 1544 nodosa
245 1510 337 1559 corpus
350 1497 418 1545 nolis
432 1497 568 1559 prohibere
581 1498 714 1559 cheragra.

130 1591 168 1632 est
181 1586 292 1647 quadem
304 1585 406 1649 prodire
418 1594 502 1644 tenus,
518 1586 539 1633 si
551 1599 604 1634 non
619 1586 694 1633 detur
704 1586 780 1633 ultre.

131 1673 212 1721 fervet
225 1674 331 1721 avaritia
343 1674 488 1737 miseroque
501 1674 621 1737 cupidine
634 1681 737 1737 pectus:

132 1770 191 1810 sunt
203 1763 282 1810 verbe
294 1771 320 1811 et
332 1776 408 1810 voces
422 1763 513 1825 quibus
526 1762 595 1810 bunc
608 1762 689 1810 lenire
703 1761 821 1810 dolorem

86 1859 117 1899 35
132 1850 217 1914 possis
230 1859 255 1900 et
267 1865 389 1914 magnum
401 1851 485 1899 morbi
499 1852 630 1913 deponere
643 1858 752 1913 partem.

132 1939 214 1987 leudis
227 1954 315 1988 amore
326 1947 424 1988 tumes:
446 1947 506 1987 sunt
518 1946 588 1987 certe
601 1939 704 2001 piacula
717 1951 782 2000 quae
795 1946 820 1986 tc

131 2036 170 2076 ter
182 2043 245 2091 pure
257 2029 323 2077 lecto
337 2035 459 2091 poterunt
470 2042 586 2077 recreare
600 2028 698 2075 libello.

131 2118 241 2177 invidus,
256 2118 404 2176 iracundus,
420 2117 498 2176 iners,
513 2117 627 2176 vinosus,
644 2123 752 2173 amator,

131 2220 206 2254 nemo
219 2206 284 2255 odeo
296 2205 365 2255 ferus
379 2212 458 2254 estut
470 2220 524 2253 non
536 2205 667 2254 mitescere
679 2204 769 2267 possit,

84 2302 116 2343 ιο
132 2295 153 2341 si
166 2295 244 2342 modo
258 2294 372 2342 culturae
385 2294 525 2357 patientem
538 2294 685 2342 commodet
697 2307 793 2341 eurem.

131 2383 209 2431 virtus
222 2390 260 2432 cst
274 2383 361 2431 vitium
373 2383 473 2444 fugere,
490 2390 514 2430 et
527 2381 654 2445 sapientie
667 2381 750 2445 prima

130 2472 237 2519 stultitia
250 2472 369 2519 caruisse.
398 2472 477 2530 vides,
493 2484 559 2532 quae
571 2471 684 2518 maxime
696 2470 778 2518 credie

132 2573 188 2607 esse
200 2560 278 2619 mela,
293 2560 414 2621 exiguum
426 2572 532 2607 censum
545 2567 696 2622 turpemque
708 2560 848 2621 repulsam,

130 2655 226 2709 quanto
240 2647 335 2696 devites
348 2648 427 2695 enimi
440 2648 583 2711 cupitisque
595 2648 700 2707 lebore3

945 91 953 217 l

948 436 953 512 ι
