1917 3117
132 190 185 241 274
275 230 277 235 .
387 191 601 230 mercennarium

133 350 191 414 cogi
204 363 281 413 posse
292 356 379 411 negat
405 348 499 397 Nestor
511 334 660 410 conponere
671 347 724 396 litis

131 440 200 487 inter
211 439 318 487 Peliden
330 437 437 501 festinat
449 443 474 484 et
487 437 555 484 inter
566 436 691 484 Atriden:

132 528 200 576 hunc
213 542 292 586 amor,
307 527 346 574 ire
358 526 462 589 quidem
475 526 644 573 communiter
656 524 706 573 urit
716 532 865 588 utrumque.
941 515 942 520 ¹

133 615 257 678 quidquid
270 615 380 665 delirant
391 628 475 677 reges,
491 614 638 676 plectuntur
648 614 749 662 Achivi.

87 710 118 753 15
132 703 266 763 seditione,
283 703 360 762 dolis,
375 703 472 751 scelere
485 709 562 764 atquc
575 702 682 750 libidine
694 710 721 751 et
731 702 770 751 ira

133 792 228 840 Iliacos
240 791 308 839 intra
319 804 405 838 muros
418 798 540 852 peccetur
553 798 579 839 et
591 799 672 839 extra.

132 893 219 928 rursus
233 879 294 941 quid
308 878 385 927 virtus
399 879 498 940 etquid
512 878 640 941 sapientia
652 879 743 942 possit,

131 969 194 1017 utile
208 967 342 1031 proposuit
354 967 428 1015 nobis
442 968 576 1030 exemplar
587 967 691 1026 Ulixen,

132 1057 176 1121 qui
189 1057 300 1104 domitor
311 1055 405 1104 Troiae
416 1055 557 1103 multorum
569 1056 690 1118 providus
703 1057 773 1104 urbis

87 1155 118 1195 20
134 1153 159 1194 et
170 1159 255 1193 mores
268 1144 400 1192 hominum
412 1144 534 1206 inspexit,
549 1145 681 1207 latumque
697 1159 744 1208 per
756 1159 864 1208 aequor,

134 1235 194 1282 dum
207 1233 265 1292 sibi,
281 1233 342 1280 dum
354 1232 431 1281 sociis
444 1232 553 1281 reditum
566 1243 648 1295 parat,
663 1247 755 1296 aspera
767 1235 850 1282 multa

132 1322 248 1386 pertulit,
263 1320 376 1369 adversis
389 1333 474 1368 rerum
485 1320 657 1369 inmersabilis
670 1321 756 1369 undis.

133 1410 252 1459 Sirenum
265 1423 340 1458 voces
354 1417 379 1458 et
392 1409 483 1458 Circae
495 1410 589 1473 pocula
601 1409 686 1458 nosti:
701 1436 744 1449 -v

133 1514 199 1563 quoe
213 1498 234 1547 si
247 1513 305 1546 cum
317 1499 393 1547 sociis
407 1499 499 1546 stultus
513 1499 672 1561 cupidusque
686 1498 799 1558 bibisset,

87 1596 118 1637 tt
133 1588 181 1636 sub
194 1587 299 1634 domina
310 1588 443 1636 meretrice
455 1587 546 1635 fuisset
558 1587 639 1650 turpis
653 1595 679 1635 et
691 1601 782 1636 excors

132 1676 237 1725 vixisset
248 1675 319 1724 canis
331 1676 469 1724 inmundus
483 1676 523 1724 vel
538 1676 620 1723 amica
632 1676 686 1723 luto
700 1691 751 1724 sns.

132 1778 180 1812 nos
193 1777 314 1812 numerus
326 1779 413 1812 sumus
426 1772 451 1813 et
463 1765 550 1827 fruges
564 1779 716 1813 consumere
729 1765 791 1823 neti,

133 1854 222 1916 sponsi
235 1853 384 1916 Penelopae
396 1854 550 1912 nebulones,
565 1853 723 1916 Alcinoique

132 1942 158 1989 in
172 1950 230 1991 cute
243 1941 357 1990 curanda
370 1942 426 2004 plus
439 1956 523 2004 eequo
538 1951 644 2004 operam
655 1941 780 2002 inventus,

88 2039 118 2081 ³0
134 2031 175 2078 cui
188 2031 323 2094 pulchrum
334 2029 382 2078 fuit
393 2031 419 2078 in
433 2030 534 2078 medios
548 2030 659 2078 dormire
672 2030 726 2078 dies
739 2038 765 2079 et

133 2120 165 2166 ad
178 2119 312 2182 strepitum
324 2119 436 2168 citharae
448 2128 592 2168 cessantem
606 2119 698 2167 ducere
710 2134 841 2169 somnum.

133 2214 161 2256 ut
172 2207 289 2270 iugulent
302 2206 439 2265 hominem,
455 2213 564 2268 surgunt
576 2207 609 2256 de
620 2215 698 2256 nocte
710 2209 841 2258 latrones:

134 2304 161 2344 ut
172 2303 199 2344 te
211 2296 295 2358 ipsum
308 2309 401 2354 serves,
421 2310 474 2344 uon
488 2289 691 2359 expergisceris?
710 2297 782 2359 atqui

134 2385 157 2432 si
169 2385 243 2432 uoles
256 2398 342 2437 senus,
359 2398 444 2435 curres
456 2384 627 2446 hydropicus3
647 2391 673 2432 et
684 2385 711 2432 ni

88 2480 119 2522 et
134 2486 225 2536 posces
238 2480 298 2522 ente
311 2473 378 2521 diem
391 2473 484 2522 librum
497 2486 555 2520 cum
567 2473 672 2532 lumine,
688 2474 710 2521 si
723 2488 776 2523 non

132 2559 251 2608 intendes
265 2561 378 2609 animum
390 2561 480 2609 studiis
493 2569 518 2609 et
530 2563 606 2610 rebus
619 2562 743 2621 honestis,

133 2646 229 2694 invidia
240 2648 280 2695 vel
293 2663 381 2697 amore
393 2650 453 2712 vigil
466 2651 629 2711 torquebere.
657 2665 718 2698 nam
731 2665 776 2698 eur
