1917 3117
393 173 483 210 LIBER
497 172 527 209 11.

98 346 177 390 error,
194 331 238 379 scd
252 332 326 377 variis
338 329 423 377 illudit
440 329 567 392 partibus3
589 329 638 376 hoc
651 336 677 376 te

97 421 174 468 erede
186 420 263 467 morlo
276 419 404 476 insanum,
420 417 501 465 nihilo
515 426 543 465 ut
555 417 696 479 sapientior
708 417 761 474 ille,

99 510 179 571 quite
193 507 300 565 deridet,
316 506 423 554 caudam
436 506 530 553 trahat.
559 516 597 553 est
609 520 690 567 genus
704 521 782 553 unuin

97 598 219 646 stultitiae
232 595 340 643 nihilum
352 594 490 643 metuenda
503 594 623 653 timentis,
639 603 668 642 nt
678 595 754 656 ignis,

50 696 83 736 5⁵
98 694 126 734 ut
139 687 209 748 rupis
222 685 362 746 fluviosque
374 684 401 731 in
414 697 505 746 campo
518 685 620 731 obstare
634 692 768 745 queratur:

99 775 207 823 alterum
221 781 246 821 ct
258 772 316 820 huic
329 787 416 819 varum
440 779 466 819 et
478 772 560 821 nihilo
573 772 713 834 sapientius
726 773 793 835 ignis

98 877 144 926 per
155 862 253 910 medios
267 861 407 923 fluviosque
420 861 526 908 ruentis.
555 861 649 908 clamet
665 862 755 920 amica,

97 960 186 1010 mater,
203 952 310 998 honesta
323 965 396 997 soror
409 964 466 997 cum
483 949 610 1011 cognatis,
626 957 706 1011 pater,
722 964 788 998 uxor

97 1041 147 1088 ‘hie
160 1040 231 1088 fossa
244 1046 283 1087 eat
294 1040 394 1100 ingens,
410 1038 451 1085 hic
464 1053 539 1100 rupes
552 1038 678 1086 maxima:
701 1039 799 1086 serval'

48 1138 83 1178 bb
98 1144 152 1177 non
165 1128 246 1190 magis
259 1127 367 1175 audierit
379 1141 455 1189 quarn
469 1127 555 1173 Fufius
571 1126 654 1173 ebrius
668 1127 738 1185 olim,

98 1232 156 1264 eum
168 1216 278 1263 Ilionam
291 1216 408 1272 edormit‚
425 1215 539 1263 Catienis
552 1215 622 1263 millc
637 1215 760 1263 ducentis.

97 1306 195 1363 ‘maten
211 1312 235 1353 te
249 1304 361 1367 adpello’
374 1304 551 1352 clamantibus.
579 1304 637 1351 huic
651 1319 700 1366 ego
715 1304 805 1367 volgus

98 1392 178 1441 errori
191 1392 299 1441 similem
312 1401 430 1441 cunctum
442 1394 557 1441 insanire
570 1393 678 1441 docebo.

98 1481 194 1528 insanit
205 1489 303 1529 veteres
316 1489 412 1529 statuas
425 1481 598 1545 Damasippus
612 1483 736 1530 emendo:

48 1581 82 1620 65
97 1570 197 1632 integer
210 1576 248 1618 est
259 1569 351 1617 mentis
364 1569 516 1632 Damasippi
529 1571 654 1618 creditor?
674 1579 743 1619 esto:

98 1658 186 1719 accipe
200 1658 267 1718 quod
282 1672 420 1720 numquam
433 1659 525 1706 reddas
539 1659 608 1717 milri,
625 1659 645 1706 si
658 1660 704 1707 tibi
717 1661 815 1717 dicam3

99 1755 161 1795 tunc
173 1746 278 1793 insanus
292 1744 341 1792 eris
355 1746 375 1792 si
388 1748 535 1808 acceperis?
553 1763 587 1794 an
600 1748 681 1809 magis
696 1761 786 1795 excors

99 1834 193 1883 reiecta
205 1833 309 1896 praeda,
326 1848 403 1895 quam
415 1849 537 1896 praesens
550 1836 690 1883 Mercurius
703 1835 769 1883 fert?

99 1923 182 1971 scribe
195 1922 284 1969 decern
297 1935 312 1967 a
324 1920 416 1969 Nerio:
439 1937 492 1970 non
506 1930 545 1971 est
557 1923 634 1970 satis:
650 1923 715 1970 adde
729 1923 835 1972 Cicutae

49 2023 84 2062 '10
99 2011 191 2060 nodosi
204 2011 305 2059 tabulas
319 2017 429 2070 centum,
445 2011 516 2059 mille
530 2011 596 2059 addc
609 2021 726 2060 catenas:

99 2099 203 2162 effugiet
215 2107 300 2147 tamen
313 2099 378 2146 haee
392 2098 529 2147 sceleratus
543 2099 644 2147 vincula
657 2099 772 2148 Proteus.

99 2203 157 2235 enm
170 2187 253 2250 rapies
266 2186 292 2235 in
305 2188 344 2234 ius
357 2187 430 2234 malis
442 2187 570 2235 ridentem
582 2186 679 2246 alienis,

100 2279 144 2325 liet
151 2290 220 2339 aper,
230 2277 308 2324 modo
316 2277 378 2335 avis,
388 2276 465 2324 modo
473 2284 604 2336 canumet,
615 2292 672 2324 curn
678 2276 755 2334 volet,
765 2277 850 2324 arbor.

101 2365 123 2412 si
135 2366 202 2412 male
214 2380 268 2412 rem
281 2380 371 2425 gerere
382 2364 467 2412 insani
480 2373 528 2422 est,
544 2372 634 2411 contra
647 2366 712 2413 bene
725 2365 791 2422 sani,

52 2461 85 2502 75
100 2452 210 2514 putidius
223 2454 302 2501 multo
316 2455 447 2502 cerebrum
459 2461 506 2512 est,
522 2454 583 2501 mihi
600 2454 684 2512 crede,
700 2453 787 2501 Perilli

101 2541 219 2589 ‹lictantis
234 2542 302 2603 quod
315 2551 342 2590 tu
355 2557 496 2604 numquam
508 2542 648 2590 rescribere
662 2542 755 2604 possis.

101 2629 188 2677 audire
202 2637 278 2693 atque
291 2639 378 2693 togam
391 2631 467 2679 iubeo
482 2645 638 2693 conponere,
655 2630 770 2693 quisquis
