1917 3117
411 172 502 209 ursus
514 172 534 208 1.
785 170 836 219 199

113 334 238 387 curoptas
247 327 315 388 quod
328 326 424 375 habes?
441 328 504 375 ‘non
517 329 584 376 nosti
598 328 657 390 quid
672 329 753 390 pater'
765 330 847 391 inquit

111 412 278 477 ‘Chrysippus
291 415 367 463 dicat.
394 416 497 477 sapiens
510 416 627 478 crepidas
642 417 690 464 sibi
703 432 842 478 numquam

113 516 161 550 nec
174 503 257 551 soleas
271 503 344 552 fecit:
360 512 431 552 sutor
443 514 529 552 tamen
543 511 581 551 est
594 505 717 567 sapiens.²
742 505 803 567 qui?

112 591 149 638 ‘ut
161 592 274 653 quamvis
287 600 353 640 tacet
365 592 551 654 Hermogenes,
566 601 656 641 cantor
667 601 752 640 tamen
766 602 842 656 atque

49 686 98 727 13⁰
113 680 223 740 optimus
237 687 275 727 est
286 681 444 740 modulator3
465 689 494 728 ut
506 680 616 728 Alfenus
629 680 709 739 vafer,
725 684 793 729 omni

113 766 212 814 abiecto
225 767 393 816 instrumento
406 769 468 817 artis
482 770 619 830 clausaque
632 770 746 827 taberne,

112 863 202 903 tonsor
215 863 283 914 erat3
304 857 407 918 sapiens
421 858 507 919 operis
520 858 556 905 sic
569 857 680 919 optimus
694 857 776 904 omnis

113 951 152 992 est
164 943 252 1006 opifex
264 944 343 1003 solus,
360 946 395 992 sie
409 946 474 993 rex)
499 945 596 993 vellunt
608 945 653 992 tibi
667 946 771 993 barbam

111 1031 200 1079 lascivi
213 1032 299 1093 pnc1i3
324 1047 388 1094 quos
402 1042 429 1081 tu
441 1034 490 1081 nisi
504 1033 571 1081 fuste
584 1047 695 1088 coerces,

49 1128 98 1168 135
113 1119 229 1181 argueris
242 1120 315 1169 turba
327 1121 423 1168 circum
434 1129 459 1169 te
472 1130 564 1180 stante,
579 1122 706 1182 miserque

113 1207 237 1269 rumperis
251 1215 276 1255 et
288 1209 376 1268 latras,
390 1224 541 1271 magnorum
554 1210 665 1257 maxime
677 1223 775 1270 regum.

41 1307 43 1312 ’
112 1310 146 1344 no
158 1295 265 1358 longum
278 1296 386 1345 faciam:
409 1298 469 1345 dum
482 1307 509 1345 tu
522 1298 664 1360 quadrante
677 1298 789 1345 lavatum

112 1398 159 1433 rex
170 1386 219 1433 ibis
231 1400 316 1448 neque
327 1393 354 1434 te
367 1386 502 1448 quisquam
514 1386 622 1448 stipator
634 1386 748 1447 ineptum

112 1482 212 1535 praeter
225 1472 370 1536 Crispinum
383 1475 527 1523 sectabitur.
544 1482 568 1522 et
580 1474 642 1521 mihi
654 1473 742 1521 dulces

50 1569 98 1608 rto
112 1560 256 1621 ignoscent,
272 1561 355 1623 siquid
368 1577 476 1625 peccaro
489 1562 589 1619 stultus,
604 1562 686 1619 amici,

112 1648 191 1710 inque
203 1649 284 1697 vicem
295 1649 400 1697 illorum
413 1650 495 1712 patiar
507 1651 600 1697 delicta
611 1650 730 1707 libenter,

114 1735 278 1798 privatusque
290 1737 372 1797 magis
386 1738 467 1784 vivam
479 1746 504 1785 tc
517 1752 577 1800 rege
590 1738 687 1786 beatus.

444 2106 504 2153 1111.

112 2266 220 2330 Eupolis
233 2276 311 2328 atque
324 2265 442 2313 Cratinus
453 2264 692 2328 Aristophanesque
705 2273 796 2328 poetae

113 2364 190 2419 atque
204 2356 247 2403 alii
260 2369 368 2416 quorum
381 2353 515 2401 comoedia
527 2354 611 2416 prisca
622 2354 764 2412 virorumst,

112 2444 190 2507 siquis
204 2450 259 2492 erat
270 2443 363 2505 dignus
377 2442 495 2501 describi,
511 2442 581 2504 quod
593 2442 676 2489 malus
689 2456 720 2488 ac
733 2440 782 2499 fur,

114 2533 183 2594 quod
196 2532 317 2580 moechus
330 2531 398 2579 foret
409 2539 453 2578 ant
465 2531 570 2578 sicarius
584 2537 628 2578 aut
639 2530 735 2592 alioqui

87 2630 99 2670 5
114 2619 236 2677 famosus,
251 2621 330 2669 multa
343 2634 401 2667 cunr
412 2618 530 2668 libertate
543 2620 677 2667 notabant.
