1917 3117
417 173 507 211 LIBER
518 174 538 211 l.

116 329 206 377 inludo
219 329 324 377 chartis.
351 329 401 378 hoc
413 338 452 378 cst
463 330 635 379 mediocribus
647 330 698 378 illis

52 425 101 466 140
117 431 150 465 ex
162 417 227 465 vitiis
241 433 335 465 unum:
357 419 397 465 cui
409 418 431 465 si
443 420 585 468 concedere
596 420 673 476 nolis,

116 507 198 554 multu
210 513 344 569 poetarum
355 507 440 555 veniet
455 521 556 565 manus,
572 507 667 554 auxilio
681 521 746 569 quac

117 595 150 642 sit
162 594 224 643 mihi
237 593 309 656 (nam
321 596 402 643 multo
415 596 502 658 plures
514 594 612 657 sumus)
625 609 656 642 ac
668 596 745 643 veluti
757 604 782 643 te

115 681 204 732 Iudaei
216 697 337 745 cogemus
349 683 376 731 in
389 683 455 731 hanc
468 684 610 732 concedere
627 686 736 732 turbam.

398 869 557 876 ———

460 1052 493 1100 V.

115 1211 253 1275 Egressum
264 1225 359 1273 magna
370 1226 411 1259 me
429 1212 529 1275 accepit
539 1213 626 1261 Aricia
638 1212 721 1261 Rome

115 1300 227 1363 hospitio
240 1302 356 1349 modico:
377 1302 464 1350 rhetor
480 1316 566 1350 comes
580 1302 743 1360 Heliodorus,

117 1386 272 1437 Graecorum
286 1390 365 1453 longe
378 1390 554 1439 doctissimus:
573 1391 634 1439 inde
646 1392 741 1439 Forum
752 1391 831 1454 Appi,

118 1457 243 1525 differtum
254 1479 348 1537 nautis,
364 1479 523 1541 cauponibus
536 1487 611 1541 etque
625 1479 754 1542 malignis.

89 1573 102 1613 5
116 1565 166 1613 hoc
178 1566 227 1614 iter
238 1567 325 1628 ignari
339 1567 477 1626 divisimus,
494 1567 568 1615 altius
581 1582 612 1615 ac
624 1582 673 1615 nos

117 1653 268 1715 praecinctis
280 1670 374 1702 unum:
395 1657 479 1703 minus
493 1664 532 1703 est
544 1656 626 1718 gravis
638 1656 724 1719 Appia
735 1656 824 1704 tardis.

116 1741 158 1788 bic
171 1756 219 1803 ego
232 1749 337 1805 propter
348 1758 449 1806 equam,
459 1745 592 1806 quoderat
603 1744 746 1802 deterrima,
756 1746 837 1793 ventri

114 1829 200 1877 indico
215 1830 318 1890 bellum,
333 1832 450 1879 cenantis
462 1832 530 1879 haud
543 1832 629 1879 animo
642 1846 725 1894 aequo

116 1925 270 1981 exspectans
284 1921 399 1968 comites.
425 1920 477 1967 ism
491 1934 543 1967 nox
555 1920 675 1968 inducere
687 1920 760 1968 terris

71 2016 101 2056 10
114 2010 218 2056 umbras
232 2009 342 2056 stenelo
356 2007 497 2056 diffundere
509 2008 583 2070 signa
594 2009 711 2070 parabat.

114 2104 167 2145 turn
180 2097 251 2160 pueri
265 2096 357 2154 nentis,
373 2096 458 2159 pueris
472 2095 587 2144 convicia
598 2104 691 2144 nautae

114 2186 240 2247 ingerere.
268 2186 326 2233 ‘huc
339 2186 450 2247 adpelle.
477 2184 718 2233 trecentosinsen's.
746 2184 796 2232 ohe

114 2273 165 2322 ium
176 2275 238 2324 satis
252 2275 311 2323 est’
329 2274 389 2322 dum
401 2287 444 2322 aes
458 2273 575 2335 exigitur,
586 2274 646 2320 dum
658 2273 834 2335 mulsligstur,

114 2370 167 2410 tota
179 2363 232 2411 ubit
244 2364 317 2412 hore.
344 2363 405 2410 mali
418 2362 511 2411 culices
524 2375 652 2424 ranaeque
664 2362 789 2424 palustres

72 2458 101 2498 tt
115 2458 230 2500 avertunt
242 2465 357 2500 somnos.
386 2452 518 2500 absentem
530 2458 559 2499 ut
571 2458 658 2499 cantet
669 2450 777 2498 emicem

114 2538 193 2587 multu
206 2541 321 2602 prolutus
333 2553 416 2602 vappa
428 2547 507 2588 naute
519 2546 596 2601 atque
608 2539 690 2587 viator

116 2628 237 2687 certatim,
253 2629 357 2677 tandem
368 2628 452 2678 fessus
465 2627 576 2676 dormire
590 2628 670 2676 viator
