1917 3117
398 252 496 290 LIBER.

37 408 64 449 65
84 407 230 470 campana,
246 409 308 457 tabo
320 423 412 457 munus
425 408 559 468 imbutum,
574 424 667 459 nevam

82 494 201 544 incendio
214 506 321 560 nuptam
333 497 446 547 abstulit.

82 587 152 646 atqui
164 600 213 635 nee
226 586 305 634 herba
317 601 365 635 nee
377 587 460 635 lutens
473 587 501 634 iu
514 588 611 649 asperis

81 673 156 721 radix
167 674 260 722 fefellit
272 689 313 722 me
325 675 399 723 leuis.

81 759 203 811 indormit
214 763 298 810 unctis
311 764 425 811 emnium
438 764 564 812 eubilibus

34 853 61 895 70
82 851 212 900 oblivione
225 851 345 915 pelicum.

81 941 171 1000 ahab,
187 940 284 989 solutus
298 940 412 988 ambulat
423 941 553 989 veneficae

81 1029 225 1078 scientioris
238 1028 358 1077 carmine.

81 1132 136 1167 nen
150 1118 257 1177 usitatis,
272 1117 349 1176 Vare,
364 1116 521 1180 potionibus,

63 1243 68 1252 .
81 1221 97 1254 0
109 1207 193 1256 multa
205 1207 321 1256 fleturum
334 1213 419 1269 eaput,

30 1302 59 1341 tt
80 1296 113 1343 ad
126 1311 169 1345 me
181 1309 305 1354 recurres,
320 1308 367 1342 nee
380 1303 470 1342 vocata
482 1309 555 1342 mens
568 1302 613 1342 tua

79 1385 174 1434 Marsis
187 1384 280 1433 redibit
291 1384 403 1432 vocibus.

79 1475 164 1522 maius
178 1474 284 1536 parabo,
299 1473 380 1520 maius
392 1471 527 1520 infundam
540 1471 586 1520 tibi

79 1561 222 1610 fastidienti
236 1560 365 1624 poculum,

79 1652 204 1714 priusque
217 1649 316 1697 eaelum
329 1648 394 1697 sidet
405 1649 511 1698 inferius
524 1648 589 1698 mari

26 1746 57 1787 80
80 1739 175 1789 tellure
188 1744 305 1800 porrecte
318 1751 402 1799 super,

80 1842 160 1891 quam
174 1840 226 1873 non
240 1839 327 1872 amore
340 1824 376 1872 sie
388 1840 446 1874 mee
460 1826 552 1888 flagres
564 1826 600 1874 uti

78 1917 197 1966 bitumen
210 1913 270 1962 atris
283 1913 405 1976 ignibus.³

79 2005 129 2053 sub
142 2003 206 2051 haee
218 2016 282 2066 puer
293 2002 345 2050 iam
357 2016 411 2049 non
423 2010 451 2050 ut
465 2012 525 2051 ante
536 2003 658 2051 moltibus

80 2092 165 2142 lenire
177 2091 261 2139 verbis
273 2092 366 2155 inpias,

23 2190 55 2232 85
79 2181 127 2230 sed
142 2180 231 2228 dubius
245 2181 314 2229 unde
327 2191 456 2243 rumperet
469 2180 599 2229 silentium

78 2269 150 2318 misit
161 2268 301 2331 Thyesteas
314 2283 413 2332 preces.

77 2360 189 2407 ‘venena
199 2373 276 2420 maga
288 2373 342 2406 nou
355 2358 394 2405 sas
407 2359 541 2421 nefasque,
557 2373 611 2407 non
623 2358 709 2407 valent

80 2453 230 2495 convertere
242 2446 380 2495 humanam
392 2447 480 2496 vicem.

80 2535 143 2583 diris
155 2549 231 2598 egam
243 2551 303 2584 ves:
325 2537 381 2584 dira
394 2536 529 2585 detestatio

20 2634 58 2676 90
84 2624 159 2673 nulla
171 2625 288 2688 expiatur
299 2624 408 2672 victima.

82 2714 153 2776 quin,
168 2713 211 2762 ubi
224 2714 308 2776 perire
319 2714 402 2762 iussus
415 2716 589 2778 exspiravere,
