1917 3117
405 209 494 248 LIBER
511 209 531 247 1.
781 205 831 256 187

107 367 192 416 nescis
205 382 256 430 quo
269 367 353 416 valeat
365 379 494 425 nummus,
509 381 585 429 quom
601 368 723 428 praebeat
737 365 827 415 usum?

108 456 301 519 puniremur,
317 456 382 513 olus,
397 454 448 504 viui
461 456 596 513 sextarius,
612 456 678 503 adde

62 554 93 594 11
110 545 166 607 quis
178 545 291 593 humana
302 544 350 592 sibi
368 544 455 593 doleat
468 554 560 593 natura
572 544 683 606 negetis.

109 650 142 682 un
155 634 260 696 vigilare
272 641 342 682 metu
355 633 508 691 exanimem,
523 641 663 695 noctesque
676 632 780 695 diesque

108 722 245 771 sonnidure
258 723 340 771 malos
354 722 432 780 fures,
444 721 573 780 incendia,
587 735 683 770 servoS.

108 826 141 860 ne
153 820 179 860 te
192 812 324 873 conpilent
335 811 471 874 fugientes,
487 812 537 859 hee
549 809 635 859 iuvat?
648 810 739 857 horum

109 915 209 963 semper
221 914 270 962 ego
284 899 393 962 optarim
406 901 581 962 pauperrimus
595 912 651 946 esse
665 900 801 947 bonorum.

61 997 94 1038 so
108 996 134 1036 et
147 989 168 1036 si
181 988 315 1037 condoluit
325 995 476 1050 temptatum
489 988 585 1050 frigore
597 1001 700 1049 eorpus,

109 1085 152 1125 aut
164 1078 228 1125 nlius
242 1090 316 1125 casus
329 1077 396 1124 lecto
409 1085 435 1126 te
447 1077 546 1134 adfixit,
561 1077 641 1125 hebes
654 1074 698 1138 qui

109 1165 232 1224 adsideat,
247 1166 362 1213 fomente
374 1174 456 1228 paret,
470 1166 598 1213 medicum
610 1173 693 1227 roget,
708 1171 774 1212 utne

110 1254 214 1302 suscitet
226 1269 257 1303 ae
269 1255 336 1303 natis
349 1256 439 1303 reddat
454 1254 569 1317 carisque
587 1252 756 1316 propinquis?

109 1357 163 1391 non
176 1358 242 1391 uxor
254 1344 352 1391 salvum
363 1351 389 1391 te
401 1345 463 1402 volt,
479 1358 533 1391 non
547 1342 628 1401 lilius3
650 1356 739 1391 ornnes

63 1439 94 1479 85
109 1432 186 1479 vieini
198 1432 316 1491 oderunt,
331 1432 395 1491 noti,
410 1432 483 1495 pueri
496 1442 574 1494 atque
586 1431 696 1493 puellee.

108 1520 216 1579 miraris,
232 1535 290 1568 eum
302 1529 329 1569 tu
342 1531 449 1583 argento
462 1531 522 1584 post
535 1520 622 1568 omnia
634 1534 726 1583 ponas,

109 1608 131 1655 si
143 1623 219 1658 neruo
232 1618 344 1671 praestet
356 1624 433 1672 quem
444 1625 498 1658 non
510 1611 630 1658 merearis
643 1607 776 1657 amorem?

110 1705 137 1745 at
149 1698 170 1745 si
183 1704 318 1759 cognatos,
333 1698 406 1747 nullo
419 1706 512 1747 natura
525 1699 614 1747 labore

110 1800 174 1849 quos
187 1785 233 1834 tibi
246 1786 298 1843 det,
313 1788 424 1835 retinere
436 1787 499 1834 velis
512 1801 665 1849 servareque
678 1787 783 1842 amieos,

62 1881 95 1923 90
109 1874 203 1923 infelix
215 1887 321 1936 opernm
333 1874 434 1936 perdas,
449 1883 478 1922 ut
491 1874 513 1921 si
526 1874 582 1937 quis
596 1875 705 1923 asellum

108 1962 136 2009 in
149 1976 241 2024 eampo
255 1962 347 2010 doceat
359 1969 492 2023 parentem
506 1978 606 2012 currere
618 1962 714 2011 frenis?

110 2051 220 2113 denique
233 2050 265 2098 sit
278 2051 334 2099 linis
348 2050 497 2113 quaerendi,
513 2066 621 2114 eumque
633 2052 729 2099 habens
742 2051 808 2113 plue,

109 2140 257 2201 pauperiem
269 2148 368 2188 metues
379 2139 473 2198 miuus,
489 2148 514 2188 et
527 2139 600 2188 finire
613 2141 729 2188 laborem

110 2228 216 2291 incipias
230 2234 303 2291 parto
316 2228 385 2290 quod
403 2229 510 2287 avebae3
532 2243 565 2277 ue
577 2227 658 2276 iacias
671 2228 740 2290 quod

62 2326 94 2366 95
111 2316 251 2365 Ummidius
265 2318 377 2380 qnidam.
407 2331 460 2364 non
473 2317 554 2378 longe
566 2325 605 2366 est
617 2317 714 2365 fabula.
743 2317 813 2365 diros

109 2412 138 2452 ut
150 2406 279 2455 metiretur
292 2421 419 2465 nummos,
428 2406 471 2453 'ita
484 2408 602 2455 sordidus
620 2414 647 2454 ut
659 2421 687 2455 se

109 2508 163 2542 non
175 2509 298 2557 umquem
311 2510 383 2544 servo
396 2496 487 2544 melius
500 2497 611 2555 vestiret,
627 2495 659 2542 ad
672 2509 753 2557 usque

110 2598 257 2645 supremum
269 2592 370 2647 tempus
383 2599 416 2632 ne
429 2599 457 2632 se
469 2585 577 2647 penuria
593 2585 674 2632 rietus

110 2672 265 2734 opprimeret
276 2673 414 2721 metuebat.
442 2680 468 2720 at
480 2673 549 2720 huno
561 2672 652 2720 liberta
664 2672 746 2721 securi
