1917 3117
97 800 170 849 Mala
182 800 266 850 soluta
278 803 349 850 navis
362 802 415 852 exit
427 804 488 851 alite

98 888 185 937 serens
199 890 311 939 olentem
323 892 460 940 Maevium.

97 986 127 1025 ut
139 977 248 1026 horridis
261 988 397 1042 utrumque
408 981 525 1028 verberes
538 980 613 1037 latus,

98 1073 193 1126 auster,
208 1077 335 1116 memento
350 1069 476 1117 fluetibus.

61 1163 76 1203 5
99 1156 173 1217 niger
185 1156 299 1206 rudentis
312 1152 386 1205 eurr'rs
398 1158 501 1205 inverso
514 1158 577 1204 mari

98 1241 246 1307 fractosque
263 1259 347 1293 remos
362 1245 469 1293 differat.

99 1332 215 1395 insurgat
228 1335 323 1396 aquilo,
339 1342 449 1402 quantur
462 1335 521 1383 altis
533 1334 661 1382 montibus

98 1420 194 1484 frangit
204 1424 335 1472 trementis
347 1423 428 1472 ilices.

98 1524 147 1559 nee
160 1511 229 1559 sidus
242 1519 298 1560 atra
310 1520 388 1560 noete
400 1512 511 1559 amicum
522 1513 653 1574 adpareat,

43 1607 75 1647 10
98 1612 150 1660 qua
161 1599 240 1647 tristis
254 1599 335 1649 Orion
348 1601 429 1660 cadit3

99 1687 223 1749 quietiore
235 1703 284 1737 nec
296 1688 392 1736 feratur
404 1702 516 1750 aequore

99 1791 177 1839 quam
191 1776 270 1825 Graia
283 1777 406 1824 victorum
423 1791 524 1834 manus,

98 1879 156 1912 eum
168 1864 255 1912 Pallas
267 1872 326 1912 usta
337 1864 410 1912 vertit
421 1864 486 1912 iram
504 1866 535 1913 ab
548 1863 596 1912 Ilio

97 1952 124 2000 in
137 1952 234 2015 inpiam
246 1952 333 2000 Aiacis
346 1961 435 2001 ratem.

45 2050 77 2090 15
98 2056 114 2089 ο
128 2048 239 2103 quantus
251 2041 330 2089 instat
342 2040 432 2089 navitis
445 2041 525 2089 sudor
536 2041 585 2089 tuis

98 2130 195 2192 tibique
209 2130 294 2192 pallor
305 2130 398 2187 luteus,

99 2226 125 2267 ot
136 2219 182 2267 illa
194 2233 248 2266 non
261 2218 338 2266 virilis
352 2217 464 2276 rimatio,

98 2321 187 2371 preces
201 2315 226 2356 et
239 2321 355 2355 aversum
368 2307 400 2354 ad
412 2307 509 2365 Iovem,

96 2395 185 2444 Ionius
198 2395 249 2444 udo
268 2410 326 2444 cum
338 2396 484 2459 remugiens
496 2396 567 2444 sinus

46 2494 77 2535 20
98 2493 160 2534 noto
173 2485 286 2533 can'nam
297 2485 402 2548 ruperit.

98 2574 184 2637 opima
196 2573 288 2636 quodsi
300 2573 395 2637 praeda
407 2587 484 2621 curvo
498 2573 574 2621 litore

97 2670 215 2726 porrecta
231 2677 334 2725 mergos
346 2664 447 2721 iuveris,
