1917 3117
121 156 173 206 204
397 157 571 197 SATIRARUM

122 330 180 364 cum
193 316 337 372 deterreret,
351 312 465 363 ‘Scetuni
477 313 607 362 dissimilis
620 313 655 360 sis
664 313 681 359 :³

120 418 154 451 ne
166 417 286 465 sequerer
297 404 427 462 moechas,
442 416 566 451 concesse
579 416 637 450 cnm
649 402 750 449 Venere
762 401 800 449 uti

121 506 233 554 possem,
248 491 376 554 ‘deprensi
388 505 442 539 non
454 491 525 539 bella
537 498 576 539 est
588 490 659 538 famu
670 489 793 537 'lrcboni'

58 589 105 628 115
119 579 219 628 siebat:
240 579 360 641 ‘sapiens
376 579 455 627 vitatu
467 578 580 641 quidque
593 579 673 641 petitu

121 669 154 716 sit
165 668 266 725 melius,
281 681 371 715 cousus
383 667 472 715 reddet
484 666 539 715 tibi.
566 667 601 714 mi
613 666 675 714 sutis
688 673 735 725 est,
750 665 772 712 si

121 756 241 804 traditum
253 757 285 804 ab
299 755 409 818 antiquis
421 770 520 804 morem
532 769 632 804 servare
647 761 776 815 tuumque,

122 846 182 893 dum
195 844 307 893 custodis
320 858 390 906 eges,
406 844 484 892 vitum
496 844 642 905 fumumque
653 841 719 890 tucri

119 934 274 981 incolumem
287 946 406 995 possum:
426 931 501 979 simul
514 946 545 979 ac
559 931 685 979 duraverit
697 937 767 978 setes

59 1029 106 1069 tto
120 1022 235 1070 membra
243 1021 407 1082 animumque
414 1029 494 1078 tuum,
503 1020 577 1068 nabis
583 1020 638 1068 sine
646 1019 760 1067 cortice.'
778 1019 814 1066 sic
821 1032 866 1066 me

119 1110 248 1158 formabat
259 1124 365 1172 puerum
378 1108 460 1167 dictis,
476 1114 502 1155 et
513 1108 566 1156 sive
578 1108 682 1156 iubebat

120 1208 149 1246 ut
160 1198 271 1247 facerem
283 1198 354 1260 quid,
369 1198 457 1245 ‘hebes
470 1204 609 1256 auctorem,
625 1210 676 1258 quo
690 1195 770 1243 facies
783 1195 855 1253 boc,'

120 1301 199 1334 unum
212 1301 245 1335 ex
256 1286 381 1334 iudicibus
394 1285 496 1334 selectis
510 1284 647 1343 obiciebat,

120 1376 173 1423 sive
185 1377 295 1432 vetabat,
309 1375 351 1421 ‘cn
364 1374 415 1421 hoc
427 1373 593 1422 inhonestum
605 1380 631 1422 et
641 1373 732 1421 inutile
744 1372 815 1421 fectu

58 1471 105 1513 125
120 1477 201 1512 necne
214 1462 256 1521 sit,
270 1462 413 1519 addubites,
429 1462 521 1524 flagret
533 1476 634 1510 rumore
646 1462 714 1509 malo
728 1475 786 1509 curn

119 1551 160 1598 hic
172 1558 249 1613 utque
262 1550 332 1599 ille?
350 1551 437 1598 avidos
450 1550 562 1598 vicinum
574 1551 650 1597 funus
662 1557 690 1598 ut
701 1562 793 1611 aegros

120 1640 250 1687 exanimet
261 1639 401 1701 mortisque
412 1645 483 1687 metu
494 1638 543 1686 sibi
556 1652 662 1701 parcere
668 1637 747 1700 cogit,

119 1728 157 1774 sic
169 1735 271 1775 teneros
285 1727 385 1775 ammos
398 1727 485 1775 aliena
497 1726 637 1790 opprobrie
648 1741 726 1789 saepe

120 1816 263 1864 absterrent
275 1815 350 1863 vitiis.
379 1830 412 1863 ex
424 1816 475 1863 hoc
489 1829 537 1877 ego
551 1829 628 1863 sanus
641 1814 746 1874 abillis,

58 1910 104 1950 130
119 1903 258 1965 perniciem
271 1917 447 1966 quaecumque
459 1902 555 1962 ferunt,
569 1903 739 1951 mediocribus
755 1902 849 1965 etquis

118 1991 239 2054 ignosces
251 1992 317 2040 vitiis
329 2000 428 2040 teneor.
455 1991 572 2039 fortassis
585 2000 611 2040 et
622 1991 697 2039 istinc

118 2079 223 2141 largiter
235 2080 369 2128 abstulerit
380 2081 461 2142 longa
472 2088 552 2138 aetus,
565 2080 630 2128 iiber
642 2080 748 2137 amicus,

118 2167 254 2215 consilium
261 2168 400 2230 proprium.
415 2168 582 2230 nequeenim,
592 2183 650 2216 cum
661 2169 769 2216 lectulus
776 2175 820 2216 sut
831 2183 872 2218 me

119 2256 230 2317 porticus
243 2256 353 2319 excepit,
369 2256 458 2304 desum
470 2256 543 2304 mihi.
569 2256 671 2305 ‘rectius
683 2257 734 2305 hoc
747 2264 794 2305 est.

57 2350 103 2390 135
119 2342 169 2390 hoc
181 2343 278 2392 faciens
291 2344 372 2392 vivam
383 2344 484 2393 melius.
511 2345 548 2392 sic
561 2344 643 2392 dulcis
656 2344 744 2392 amicis

119 2445 259 2480 occurram.
280 2433 330 2481 hoc
342 2432 445 2495 quidum
459 2447 513 2481 non
527 2433 608 2481 belle:
625 2432 748 2495 numquid
761 2446 810 2494 ego
819 2432 859 2481 ‘iili

117 2519 259 2581 inprudens
273 2521 336 2569 oiim
347 2520 439 2569 facium
452 2520 560 2569 simile?²
578 2521 642 2569 haec
660 2535 709 2582 ego
721 2534 821 2568 mecum

118 2607 264 2669 conpressis
277 2608 347 2670 agito
360 2607 454 2670 labris-3
468 2610 513 2657 ubi
526 2609 587 2671 quid
601 2609 676 2657 datur
689 2608 733 2668 oti,
