1917 3117
122 151 176 201 ³42
418 153 458 190 uu
472 152 549 190 narn

122 309 250 373 respicere
263 310 395 372 exemplar
406 308 471 358 vitae
483 322 636 371 morumque
647 307 741 357 iubebo

124 399 227 446 doctum
238 397 391 447 imitatorem
405 404 430 446 et
441 398 510 445 viras
523 397 584 445 hinc
597 397 690 445 ducere
701 410 788 444 voces.

121 487 249 536 interdum
261 485 378 548 speciosa
389 485 454 533 locis
466 494 616 548 morataque
633 492 701 533 recta

58 581 107 623 320
122 575 210 623 fabula
221 573 317 622 nullius
329 574 437 633 veneris,
453 573 508 622 sine
520 574 636 636 pondere
653 581 679 621 et
690 581 753 633 arte,

122 663 221 712 valdius
234 663 347 711 oblectat
359 663 482 725 populum
494 663 636 725 meliusque
648 669 763 710 moratur

122 766 199 814 quam
211 765 297 799 versus
310 751 402 813 inopes
415 765 500 798 rerum
512 764 647 813 nugaeque
659 764 782 798 canorae.

123 839 196 888 Grais
209 839 349 901 ingenium,
365 838 439 887 Grais
454 839 525 887 dedit
537 852 582 886 ore
594 839 705 887 rotundo

121 943 195 976 musa
206 927 288 990 loqui,
303 934 405 990 praeter
416 928 520 975 laudem
532 926 628 975 nullius
640 926 731 974 avaris.

58 1024 107 1064 325
121 1016 232 1064 Romani
245 1016 318 1079 pueri
332 1015 418 1078 longis
431 1015 572 1063 rationibus
585 1030 670 1063 assem

122 1104 210 1153 dicunt
221 1104 248 1151 in
261 1104 339 1167 partis
353 1112 455 1152 centum
468 1103 597 1152 diducere.
623 1104 701 1150 ‘dicat

121 1192 189 1242 filius
201 1192 299 1251 Albini,
314 1192 336 1240 si
349 1193 380 1240 de
393 1193 538 1254 quincunce
551 1198 673 1243 remotast

121 1281 206 1342 uncia,
222 1281 283 1344 quid
296 1280 413 1344 superat?
426 1287 529 1343 poteras
543 1280 659 1328 dixisse.¹
675 1278 784 1327 ‘triens'
795 1280 850 1328 ‘eu.

122 1385 177 1418 rem
189 1369 285 1433 poteris
298 1383 399 1418 servare
411 1377 490 1417 tuam.
518 1369 585 1417 redit
596 1369 681 1427 nucia,
697 1368 758 1430 quid
771 1368 828 1416 iit?³

58 1466 106 1506 330
120 1458 227 1505 ‘semis'
251 1472 294 1518 au,
310 1459 373 1507 haec
387 1458 487 1505 animos
500 1471 597 1519 aerugo
611 1463 636 1504 et
648 1471 710 1504 cura
722 1456 807 1519 peculi

121 1560 179 1592 curn
191 1545 271 1593 semel
283 1546 411 1606 imbuerit,
427 1559 560 1608 speramus
574 1545 688 1592 carmina
700 1545 764 1607 fingi

121 1648 197 1696 posse
210 1633 317 1681 linenda
329 1633 407 1681 cedro
422 1643 447 1682 et
460 1633 509 1681 levi
521 1633 649 1681 servande
661 1633 800 1695 cupresso?

121 1730 165 1770 aut
176 1718 300 1784 prodesse
312 1722 410 1779 volunt,
426 1729 471 1769 aut
484 1721 613 1769 delectare
625 1729 727 1784 poetae,

121 1817 166 1858 aut
177 1809 252 1858 simul
266 1817 291 1858 ct
302 1810 415 1857 iucunda
427 1816 453 1857 et
465 1810 561 1858 idonea
573 1810 658 1857 dicere
670 1810 745 1858 vitae.

58 1907 106 1948 335
121 1898 245 1962 quidquid
258 1898 407 1962 praecipies,
424 1905 478 1947 esto
492 1898 583 1957 brevis,
598 1905 627 1946 ut
639 1898 689 1946 cito
703 1897 773 1945 dicta

119 1987 261 2050 percipiant
273 1986 351 2034 animi
365 1987 460 2035 dociles
473 1994 630 2050 teneantque
642 1987 741 2036 fideles.

121 2090 199 2123 omne
211 2089 395 2138 supervacuum
408 2075 489 2138 pleno
503 2076 534 2124 de
547 2083 652 2138 pectore
664 2081 761 2123 manat.

121 2165 180 2212 ficta
193 2163 328 2226 voluptatis
343 2177 420 2211 causa
433 2164 485 2211 sint
497 2164 616 2226 proxima
627 2164 702 2224 veris,

121 2267 154 2302 ne
167 2254 347 2316 quodcumque
359 2253 430 2301 volet
441 2260 533 2316 poscat
545 2253 593 2300 sibi
605 2253 695 2301 fabula
707 2252 786 2312 credi,

57 2349 106 2389 340
120 2356 171 2390 neu
183 2355 293 2403 pransae
304 2339 412 2389 Lamiae
427 2341 511 2388 virum
523 2356 631 2404 puerum
644 2343 763 2390 extrahat
774 2341 845 2390 alvo.

122 2428 251 2476 centuriae
263 2428 393 2476 seniorum
406 2429 504 2490 agitant
516 2429 630 2492 expertia
642 2430 734 2493 frugis,

122 2514 184 2561 celsi
196 2521 359 2577 praetereunt
370 2525 473 2565 austera
485 2525 605 2580 poemata
616 2517 745 2566 Ramnes:

121 2614 198 2648 omne
210 2601 267 2649 tulit
279 2610 401 2664 punctum
414 2605 458 2667 qui
469 2605 572 2654 miscuit
585 2606 647 2654 utile
660 2606 738 2666 dulci,
