1917 3117
388 207 477 246 manu
492 208 538 246 111.

88 371 249 414 crescentem
261 364 375 426 sequitur
389 378 450 413 cura
462 365 598 429 pecuniam

86 454 266 517 maiorumque
279 453 369 502 fames.
395 453 451 503 iure
463 455 596 517 perhorrui

88 544 142 592 late
156 543 323 606 conspicuum
335 544 428 592 tollere
440 545 569 603 verticem,

33 639 66 682 20
86 632 235 691 Maecenas,
251 633 364 695 equitum
377 634 463 681 decus.

87 783 187 838 quanto
200 775 311 838 quisque
324 775 371 823 sibi
384 775 459 839 plura
471 775 612 839 negaverit,

87 866 121 914 ah
136 864 175 913 dis
189 864 263 927 plura
275 864 352 913 ieret:
373 865 410 913 nil
423 864 579 928 cupientium

88 954 175 1002 nudus
189 961 273 1002 castra
284 962 344 1017 peto
358 962 383 1004 at
397 954 531 1016 transfuga
545 954 650 1003 divitum

89 1044 169 1106 partis
182 1042 299 1106 linquere
310 1043 401 1106 gestio,

33 1193 66 1235 25
89 1192 254 1249 contemptae
268 1185 386 1234 dominus
399 1185 558 1249 splendidior
570 1184 607 1233 rai

89 1289 168 1338 quam
181 1274 202 1322 si
215 1273 339 1338 quidquid
352 1282 408 1323 arat
420 1274 523 1337 inpiger
534 1275 655 1337 Appulus
720 1287 724 1300 ‘·

89 1365 218 1412 occultare
233 1363 296 1411 meis
309 1362 406 1411 dicerer
418 1362 527 1422 horreis,

87 1467 196 1516 magnas
208 1453 276 1500 inter
288 1457 351 1515 opes
363 1452 449 1515 inops.

86 1610 166 1658 purae
178 1595 245 1643 rivius
259 1609 342 1657 aquae
355 1594 470 1657 silvaque
482 1595 600 1656 iugerum

33 1692 66 1733 ³0
87 1697 227 1747 paucorum
240 1691 266 1733 et
278 1682 371 1745 segetis
387 1692 456 1731 certa
468 1684 531 1732 fides
545 1697 617 1732 meae

86 1771 229 1834 fulgentem
242 1772 349 1836 imperio
362 1773 453 1821 fertilis
465 1773 571 1821 Africae

86 1861 153 1911 fallit
165 1868 234 1910 sorte
245 1861 353 1910 bechor.

88 2018 244 2067 quamquam
256 1985 304 2052 uec
318 2003 443 2053 Calabrae
455 2004 534 2052 mella
546 2004 632 2053 ferunt
644 2018 714 2068 apes,

87 2107 136 2141 nec
148 2092 335 2157 Laestrygonia
345 2094 464 2142 Bacchus
476 2093 504 2140 in
516 2093 641 2155 amphora

26 2158 67 2232 '³5
88 2182 232 2245 languescit
243 2183 314 2241 mihi,
329 2196 377 2231 nec
390 2181 497 2245 pinguia
510 2181 616 2231 Gallicis

88 2280 207 2320 crescunt
218 2272 313 2321 vellera
325 2271 436 2336 pascuis,

86 2415 228 2479 inportuna
239 2423 324 2464 tamen
338 2413 473 2478 pauperies
485 2414 566 2471 abest,

87 2518 144 2563 nec,
160 2504 181 2552 si
194 2505 268 2567 plura
280 2504 364 2563 velim,
378 2512 406 2552 tu
419 2504 479 2551 darc
493 2503 614 2565 deneges.

88 2602 220 2641 contracto
233 2594 324 2641 melius
336 2608 415 2656 parva
428 2591 548 2655 cupidine

35 2692 67 2733 4⁰
88 2682 224 2745 vectigalia
236 2682 367 2746 porrigam
