1917 3117
129 146 163 195 16
422 151 586 189 caaumum

130 316 163 366 te,
180 308 256 354 boves
270 308 331 356 olim
344 309 393 356 nisi
405 309 559 358 reddidisses

78 404 111 445 10
131 411 177 459 per
190 397 277 445 dolum
290 407 397 456 amotas,
418 412 525 460 puerum
537 398 631 445 minaci

129 500 191 534 voce
205 486 265 533 dum
277 494 361 546 terret,
377 487 465 534 viduus
480 487 599 549 pharetra

128 575 182 623 risit
198 575 305 637 Apollo.

130 717 191 778 quin
205 725 229 765 et
241 718 344 766 Atridas
359 718 423 765 duce
435 726 461 765 te
474 718 598 780 superbos

129 804 178 854 Ilio
192 805 261 853 dives
275 805 390 853 Priamus
403 806 492 854 relicta

77 902 107 942 15
127 893 317 956 Thessalosque
328 895 395 957 ignis
409 903 432 943 et
444 896 533 957 iniqua
545 896 638 943 Troiae

128 992 211 1031 castra
227 982 327 1032 fefellit.

127 1132 154 1174 tu
167 1125 221 1188 pias
234 1126 307 1174 laetis
321 1127 418 1173 animas
431 1127 535 1189 reponis

127 1214 229 1262 sedibus
242 1215 363 1277 uirgaque
376 1215 457 1262 levem
469 1229 572 1263 coerces

126 1317 203 1350 aurea
215 1304 323 1362 turbam,
339 1304 437 1365 superis
451 1304 557 1352 deorum

77 1398 108 1438 20
129 1398 214 1452 gratus
228 1399 252 1440 et
264 1392 331 1439 imis.

478 1782 526 1829 XI.

125 1943 165 1990 Tu
177 1956 210 1991 ne
224 1943 362 2005 quaesieris
377 1943 454 2002 (scire
468 1941 553 2005 nefas)
568 1958 643 2005 quem
656 1944 725 2001 mihi,
741 1956 815 2003 quem
826 1942 869 1989 tibi

125 2032 201 2079 {inem
215 2033 240 2080 di
253 2032 378 2090 dederint,
394 2031 542 2090 Leuconoe,
559 2047 606 2080 uec
619 2031 776 2092 Babylonios

123 2121 253 2183 temptaris
267 2135 396 2168 numeros.
423 2126 451 2167 ut
462 2120 561 2179 melius,
578 2119 699 2182 quidquid
713 2118 768 2176 erit,
783 2118 847 2180 pati!

125 2223 170 2257 seu
183 2209 264 2272 pluris
277 2209 372 2257 hiemes
385 2223 431 2256 seu
443 2210 531 2257 tribuit
543 2209 656 2271 Iuppiter
667 2207 782 2255 ultimam

92 2362 104 2400 5
127 2366 191 2413 quae
205 2367 273 2399 nunc
287 2353 411 2415 oppositis
426 2352 540 2400 debilitat
552 2349 693 2413 pumicibus
706 2362 777 2395 mare

124 2439 294 2502 Tyrrhenum.
322 2442 415 2504 sapias,
431 2441 491 2487 vina
503 2440 584 2501 liques
598 2447 623 2486 et
635 2437 718 2501 spatio
731 2438 797 2485 brevi

125 2543 196 2591 spem
209 2530 314 2590 longam
327 2543 434 2577 reseces.
458 2529 518 2575 dum
531 2528 667 2590 loquimur,
682 2526 775 2589 fugerit
785 2527 862 2595 invida

124 2624 209 2665 aetas:
225 2631 302 2680 carpe
315 2617 389 2676 diem,
406 2633 483 2681 quam
495 2618 627 2665 minimum
640 2616 858 2679 credulapostem,
883 2679 886 2684 Ι
913 2602 924 2660 i

418 2769 578 2777 ᾖ
