1917 3117
121 187 157 237 84
413 191 576 232 CARMINUM

121 355 212 407 vester,
228 362 358 408 camenae,
374 356 456 397 vester
466 349 493 396 in
507 349 601 397 arduos

121 437 200 485 tollor
213 435 333 496 Sabinos,
349 451 394 485 seu
406 437 466 485 mihi
479 438 601 501 frigidum

120 525 266 584 Praeneste,
283 541 327 575 seu
339 526 419 575 Tibur
431 528 558 590 supinum,

120 628 167 663 seu
178 614 292 677 liquidae
305 615 423 678 placuere
435 615 523 664 Baiae.

70 765 101 806 25
122 756 211 806 vestris
225 757 335 805 amicum
347 757 460 806 fontibus
474 765 499 807 et
511 759 595 806 choris

120 860 174 894 non
186 860 228 894 me
240 846 366 909 Philippis
378 861 452 894 versa
464 848 532 895 acies
545 856 624 905 retro,

119 936 211 984 devota
223 950 276 983 non
289 936 412 984 exstinxit
424 938 510 995 arbos,

119 1039 168 1074 neo
182 1024 271 1073 Sicula
282 1025 417 1073 Palinurus
429 1026 510 1074 unda·

119 1176 256 1230 utcumque
267 1182 368 1216 mecum
381 1182 427 1215 vos
440 1168 518 1227 eritis,
534 1169 618 1218 libens

66 1264 98 1305 30
118 1256 290 1306 insanientem
304 1257 390 1305 navita
401 1258 547 1320 Bosporum

118 1346 250 1409 temptabo
264 1353 289 1393 ct
302 1347 398 1394 urentia
411 1360 502 1395 arenas

119 1434 201 1483 litoris
214 1434 313 1495 Assyrii
327 1433 415 1493 viator,

117 1577 199 1624 uisam
211 1576 350 1624 Britannos
364 1577 506 1641 hospitibus
519 1579 588 1627 feros

117 1674 143 1713 et
156 1667 252 1714 laetum
265 1666 360 1728 equino
375 1667 501 1729 sanguine
514 1667 675 1725 Concanum,

65 1762 96 1802 35
118 1754 197 1802 visam
210 1754 369 1817 pharetratos
384 1755 499 1804 Gelonos

117 1851 143 1891 et
157 1837 303 1904 Scythicum
315 1843 451 1893 inviolatus
464 1860 574 1895 amnem.

116 2000 161 2034 vos
176 1985 312 2035 Caesarem
324 1988 413 2047 altum,
428 1988 519 2037 militia
531 1989 606 2037 simul

115 2074 199 2123 fessas
212 2075 331 2125 cohortes
344 2077 454 2126 reddidit
467 2078 577 2141 oppidis,

117 2165 190 2214 finire
203 2173 369 2228 quaerentem
381 2165 484 2215 labores

65 2261 96 2302 4ο
118 2254 201 2302 Pierio
214 2255 334 2302 recreatis
347 2261 430 2303 antro.

117 2411 163 2444 vos
178 2397 235 2445 lene
248 2397 384 2446 consilium
397 2406 422 2446 et
435 2397 501 2446 datis
513 2407 539 2446 et
551 2398 610 2447 dato

116 2485 234 2547 gaudetis
248 2486 339 2534 almae.
367 2487 461 2536 scimus
474 2496 503 2536 ut
514 2488 599 2552 inpios

115 2573 222 2621 Titanas
235 2573 415 2638 inmanemque
428 2583 538 2626 turmam

115 2660 223 2710 fulmine
236 2664 365 2712 sustulerit
377 2665 483 2725 caduco,
