1917 3117
621 97 631 123 h

120 165 173 215 ιω
376 167 589 208 ueneremur

119 339 177 374 rure
190 339 248 372 mee
260 339 366 387 pessum
379 325 479 387 quidvis
492 324 605 386 perferre
617 324 736 387 patique:

118 415 151 461 ad
163 427 234 461 mere
246 427 304 460 eum
316 413 387 473 veni,
400 427 555 476 generosum
568 421 595 461 et
606 413 664 462 leue
675 414 789 476 requiro,

119 502 189 565 qued
202 516 276 551 curae
289 502 385 563 abigat,
402 502 471 563 qued
485 515 543 550 cum
554 515 602 563 spe
615 501 693 551 divite
703 510 792 549 manet

73 598 104 638 20
118 590 146 638 iu
159 603 236 638 venas
250 590 415 652 animumque
427 604 521 648 meum,
537 589 608 651 qued
620 590 698 638 verba
708 589 848 649 ministret,

118 679 187 741 qued
200 692 241 727 rue
253 678 376 727 Lucanae
387 679 508 726 iuvenem
519 677 683 726 commendet
694 677 822 740 amicae);

118 775 213 816 tractus
226 776 281 817 uter
294 766 376 830 pluris
388 767 502 829 lepores,
516 772 573 814 uter
585 766 676 814 educet
689 781 782 828 apres3

120 864 178 904 utre
190 854 271 918 magis
285 855 362 918 piscis
375 864 401 903 et
414 855 520 903 echinos
533 869 648 917 aequora
660 855 753 914 celent,

117 944 221 1007 pinguis
233 951 262 992 ut
273 944 334 992 inde
347 945 451 991 domum
464 943 562 1006 possim
574 942 729 1004 Phaeaxque
743 944 848 1003 reverti,

72 1040 103 1082 25
119 1033 229 1082 scribere
242 1040 267 1081 te
280 1032 363 1091 nohis,
379 1031 425 1079 tibi
438 1046 487 1080 noe
500 1032 640 1080 adcredere
652 1046 700 1093 par
712 1039 759 1080 est.

119 1121 245 1180 Maenius,
260 1127 289 1168 ut
300 1121 376 1168 rebus
388 1119 509 1168 maternis
522 1127 600 1182 atque
611 1119 725 1182 paternis

121 1209 220 1258 fortitu
232 1207 373 1270 absumptis
386 1207 500 1255 urbanus
513 1209 598 1270 coepit
610 1208 707 1267 haberi,

119 1311 208 1347 scurra
220 1311 309 1359 vagus,
324 1310 377 1344 neu
390 1295 434 1358 qui
446 1304 543 1345 certum
554 1310 678 1359 praesepe
690 1303 798 1356 teneret,

118 1385 256 1449 inpransus
268 1399 323 1433 uon
336 1383 381 1446 qui
391 1384 473 1432 civem
486 1384 650 1446 dignosceret
666 1383 749 1443 hoste,

74 1482 105 1523 30
121 1473 250 1535 quaelihet
262 1473 288 1521 in
302 1473 416 1535 quemvis
429 1472 568 1534 opprobria
580 1472 677 1534 fingere
689 1486 790 1530 saevus,

120 1561 246 1624 pernicies
259 1569 285 1609 et
296 1568 433 1623 tempestas
446 1560 644 1621 barathrumque
656 1559 766 1618 macelli,

121 1649 243 1713 quidquid
257 1649 409 1712 quaesierat,
423 1650 506 1698 ventri
519 1649 628 1697 donaret
644 1662 731 1705 arare,

121 1738 163 1786 hic
175 1739 218 1786 uhi
232 1738 360 1800 nequitiae
373 1737 516 1785 fautoribus
530 1745 554 1786 et
565 1737 660 1786 timidis
674 1737 711 1785 uil

122 1835 165 1874 aut
176 1828 292 1889 paullum
304 1826 452 1884 abstulerat,
468 1827 571 1889 patinas
584 1825 694 1874 cenabat
706 1825 798 1884 omasi,

76 1921 107 1962 35
122 1914 178 1962 vilis
191 1922 217 1962 et
228 1915 348 1976 agninae,
363 1914 444 1963 tribus
457 1914 523 1962 ursis
536 1915 605 1976 qued
618 1914 678 1962 satis
691 1921 773 1974 esset3

122 2002 220 2050 scilicet
230 2009 260 2049 ut
271 2011 371 2051 ventres
384 2003 471 2051 lamna
484 2003 612 2052 candente
624 2010 748 2064 nepotum

122 2089 218 2139 diceret
230 2092 341 2139 urendos
355 2100 486 2141 corrector
497 2092 609 2142 Bestius.
635 2090 705 2138 idem

123 2179 245 2242 quidquid
258 2187 313 2230 eret
324 2189 414 2229 uectus
427 2179 539 2243 praedae
551 2180 662 2237 maioris,
677 2179 721 2228 ubi
734 2192 812 2226 omne

123 2274 231 2316 verterat
242 2268 270 2316 in
281 2268 379 2317 fumum
392 2276 417 2316 et
429 2268 549 2316 cinerem.
563 2268 625 2315 ‘nen
637 2267 743 2316 hercule
755 2266 846 2314 mirer'

76 2363 108 2402 40
122 2355 215 2414 aiebat,
230 2355 261 2402 ‘si
273 2356 317 2418 qui
329 2355 469 2405 comedunt
482 2356 559 2413 bena,
575 2370 632 2403 cnm
644 2356 677 2403 sit
690 2356 770 2404 obeso

122 2442 159 2489 nil
173 2443 263 2490 melius
276 2443 359 2502 turdo,
375 2444 412 2492 nil
426 2444 502 2491 volva
514 2444 643 2506 pulchrius
656 2443 764 2505 ampla'

123 2529 240 2577 nimirum
253 2530 294 2578 hic
307 2545 356 2592 ege
369 2546 435 2581 sum.
463 2546 524 2579 nam
535 2540 589 2580 tuta
602 2540 627 2580 et
639 2531 746 2593 parvola
757 2531 847 2591 laudo,

122 2627 178 2661 curn
191 2629 232 2663 res
245 2614 374 2677 deficiunt,
389 2620 451 2668 setis
463 2620 531 2667 inter
544 2619 604 2666 vilia
617 2618 704 2666 fertis:
