1917 3117
327 476 358 555 o.
378 477 515 546 rosim
535 476 652 543 ruico

221 624 243 717 S
279 623 313 715 l
349 625 428 723 ll
463 625 495 715 R
530 625 562 713 l
598 625 630 714 R
666 624 696 715 U
730 625 764 715 ll

375 837 464 874 LIBER
479 836 600 875 PRIMUS.

476 993 499 1041 1.

128 1134 178 1195 Qui
191 1137 227 1195 fit,
242 1137 391 1194 Maecenas,
406 1144 434 1184 ut
446 1150 532 1195 nemo,
548 1150 626 1198 quam
638 1135 685 1183 sibi
699 1143 795 1183 sortem

128 1239 173 1273 seu
184 1226 249 1273 ratio
262 1224 360 1274 dederit
372 1238 418 1272 seu
430 1224 485 1272 fors
498 1225 628 1284 obiecerit,
643 1225 690 1273 illa

127 1321 262 1362 contentus
275 1315 349 1371 vivut,
365 1314 452 1361 laudet
465 1313 565 1361 diversa
577 1312 724 1376 sequentis?

127 1403 151 1450 ‘o
165 1403 287 1451 fortunati
300 1402 464 1450 mercatores'
477 1403 561 1464 gravis
574 1402 649 1450 annis

101 1499 113 1539 5
128 1492 201 1539 miles
214 1490 249 1539 ait
262 1492 342 1539 multo
355 1492 406 1539 iam
419 1491 515 1539 fractus
527 1492 642 1539 membra
653 1491 751 1538 labore.

129 1588 220 1628 contra
233 1588 368 1639 mercator,
384 1581 469 1628 navim
481 1579 634 1627 iactantibus
647 1580 749 1637 austris,

127 1668 227 1717 ‘militia
239 1677 277 1716 cst
290 1669 383 1732 potior.
411 1669 471 1732 quid
486 1667 572 1717 enim?
585 1668 757 1715 concurritur:
774 1667 854 1715 horae

129 1764 259 1805 momento
273 1757 323 1804 cita
336 1772 404 1805 mors
417 1757 486 1804 venit
498 1764 542 1804 aut
554 1756 659 1804 victoria
672 1756 760 1804 laeta)

129 1845 268 1908 agricolam
280 1845 369 1893 laudat
380 1846 440 1894 iuris
453 1846 592 1908 legumque
604 1845 709 1907 peritus,

84 1943 114 1983 10
129 1935 175 1982 sub
190 1934 367 1997 gallicantum
380 1935 512 1981 consultor
530 1933 573 1981 ubi
586 1933 652 1981 ostia
664 1933 757 1996 pulsat.

130 2024 181 2080 ille,
198 2022 262 2070 datis
275 2022 379 2070 vadibus
393 2022 436 2085 qui
449 2036 508 2070 rure
521 2029 649 2070 extructus
665 2023 693 2071 in
705 2021 828 2080 urbemst‚

130 2112 200 2159 solos
213 2111 295 2160 felicis
308 2111 415 2159 viventis
429 2111 524 2160 clamat
535 2112 561 2159 in
574 2111 646 2159 urbe.

131 2208 216 2248 cetera
229 2200 261 2249 de
273 2200 440 2261 generalior,
455 2199 521 2247 adeo
540 2200 699 2259 summulas,
715 2201 850 2262 loquacem

131 2288 261 2337 delassare
273 2290 358 2337 valent
370 2289 485 2336 Fabium.
512 2303 544 2337 ne
557 2295 687 2346 remorer,
702 2289 762 2336 audi

87 2385 117 2424 15
132 2391 183 2439 quo
196 2391 251 2425 rem
263 2378 396 2425 deducam.
424 2378 445 2425 si
459 2377 515 2441 quis
529 2377 591 2426 deus
603 2378 645 2426 ‘eu
659 2378 716 2440 ego²
730 2376 799 2426 dicat

130 2466 190 2514 ‘iam
202 2465 294 2512 faciam
308 2467 377 2528 quod
390 2467 480 2514 voltis:
504 2465 552 2513 eris
565 2474 601 2525 tu,
617 2466 661 2529 qui
674 2464 752 2513 modo
765 2464 847 2523 miles,

131 2560 272 2612 mercator3
287 2561 323 2612 tu,
339 2555 471 2603 consultus
484 2554 571 2613 modo,
586 2555 709 2603 rusticus:
726 2554 786 2602 hinc
799 2568 852 2611 vos,

132 2656 177 2689 vos
190 2641 252 2689 hinc
263 2640 366 2689 mutatis
380 2642 501 2691 discedite
515 2643 640 2706 partibus.
668 2644 717 2692 eia.
