1917 3117
119 198 171 249 240
395 202 569 242 sarrensem

119 366 200 407 mater
213 360 249 408 ait
260 360 332 423 pueri
345 362 439 409 mensis
452 360 504 408 ism
517 360 630 424 quinque
643 362 770 418 cubantis,

56 456 105 497 290
119 447 221 510 ‘frigida
235 448 256 496 si
269 463 375 511 puerum
388 458 514 512 quartana
525 449 665 512 reliquerit,
679 451 724 498 illo

120 551 196 585 mane
209 537 258 596 die,
274 552 326 600 quo
339 545 367 586 tu
379 537 469 585 indicis
482 538 585 597 ieiunia,
601 539 684 587 nudus

120 624 147 673 in
159 624 246 673 Tiberi
259 625 356 674 stoltit.²
380 640 454 673 casus
466 626 612 675 medicusve
625 627 714 677 levarit

120 727 225 776 aegrum
238 728 270 762 ex
283 714 428 777 praecipiti:
451 723 533 763 mater
545 716 626 764 delira
637 716 739 765 necabit

119 802 147 850 in
160 802 246 864 gelida
258 803 337 851 fixum
350 802 573 867 ripa,⁴febn'mque
585 806 698 854 reducet.

57 898 105 940 205
120 905 207 953 quous
219 891 288 939 malo
300 900 412 940 mentem
424 892 569 940 concussa?
587 893 678 942 timore
692 894 829 941 deorum.”

119 979 183 1027 hacc
196 979 258 1028 mihi
272 977 416 1039 Stertinius,
431 981 577 1043 sapientum
590 991 702 1040 occasus,
719 981 803 1030 antico

119 1082 191 1115 arma
205 1067 281 1125 dedit,
297 1068 404 1130 posthac
417 1082 449 1116 ne
462 1069 624 1132 conpellarer
634 1070 740 1119 inultus.

120 1154 212 1205 dixerit
223 1154 342 1204 insanum
355 1157 398 1218 qui
410 1171 460 1216 me,
475 1157 582 1207 totidem
594 1159 680 1208 audiet
691 1169 767 1223 atquc

119 1244 246 1307 respicere
258 1244 348 1307 ignoto
362 1246 441 1294 discet
453 1247 594 1308 pendentia
604 1248 699 1311 tergo.²

33 1395 36 1400 Δ
56 1340 104 1382 300
120 1334 210 1393 stoice,
225 1341 284 1397 post
296 1334 417 1383 damnum
429 1334 465 1383 sic
479 1335 574 1383 vendes
587 1336 674 1384 omnio
686 1337 775 1400 pluris,

120 1436 197 1485 quam
210 1437 251 1471 me
264 1422 405 1481 stultitiam,
416 1424 539 1486 quonism
551 1439 605 1472 non
618 1434 657 1474 est
669 1440 750 1488 genus
763 1440 854 1484 unum,

118 1510 232 1559 insanire
244 1510 337 1573 putas?
350 1525 399 1575 ego
413 1526 473 1559 nam
485 1512 574 1561 videor
585 1513 646 1562 mihi
659 1529 746 1562 sanus.

118 1598 205 1661 ‘quidl
225 1608 302 1662 caput
314 1600 455 1649 abscissum
467 1602 585 1649 manibus
599 1615 656 1649 cum
668 1610 754 1664 portat
765 1603 858 1665 Agaue

120 1687 191 1750 gnati
204 1687 323 1747 infelicis,
339 1688 387 1737 sibi
400 1697 454 1737 turn
466 1689 565 1737 furiosa
577 1690 702 1739 videtur?¹

56 1783 105 1823 305
120 1774 225 1823 stultum
237 1790 278 1824 mc
290 1775 373 1824 fateor
385 1775 474 1839 (liceat
487 1778 629 1827 concedere
641 1779 719 1842 veris)

119 1871 196 1926 atque
210 1864 285 1913 etiam
297 1864 431 1913 insanum:
446 1873 546 1914 tantum
558 1866 608 1914 hoc
620 1867 741 1927 edissere,
750 1883 802 1930 quo
814 1882 858 1917 me

118 1961 252 2015 aegrotare
264 1961 337 2016 putes
351 1952 428 2001 animi
440 1954 511 2001 vitio.
537 1955 643 2018 ‘accipe
671 1957 780 2019 primum

119 2041 248 2099 aedificas,
265 2042 315 2090 hoc
327 2050 366 2091 cst
378 2042 472 2104 longos
485 2043 601 2100 imitaris,
617 2045 650 2092 ab
662 2043 714 2092 imo

119 2131 151 2178 ad
166 2145 291 2179 summum
304 2139 372 2180 totus
385 2131 483 2179 moduli
496 2132 635 2194 bipedalis:
656 2143 681 2181 et
694 2132 761 2181 idem

56 2226 104 2267 310
119 2232 228 2281 corpore
239 2220 362 2268 maiorem
374 2220 442 2268 rides
455 2220 586 2269 Turbonis
597 2222 625 2269 in
638 2221 715 2270 armis

119 2308 236 2370 spiritum
249 2315 276 2356 et
287 2308 430 2357 incessum:
451 2310 495 2372 qui
508 2309 628 2358 ridiculus
642 2310 726 2359 minus
739 2309 804 2359 illo?

120 2410 153 2444 an
160 2398 338 2459 quodcumque
346 2396 406 2446 facit
412 2398 558 2457 Maecenas,
567 2408 593 2447 te
601 2413 703 2463 quoque
712 2409 833 2458 serumst,

119 2492 218 2532 tantum
231 2485 389 2545 dissimilem,
408 2495 432 2535 et
446 2496 520 2536 tanto
533 2497 631 2537 certare
643 2488 786 2537 minorem?

119 2573 232 2622 absentis
245 2586 323 2622 ranae
336 2574 412 2637 pullis
425 2577 496 2624 vituli
508 2577 573 2639 pede
592 2578 695 2640 pressis,

56 2668 104 2708 315
119 2673 185 2707 unus
197 2660 241 2709 ubi
255 2661 350 2725 effugit,
365 2663 439 2712 matri
453 2665 582 2724 denarrat,
598 2675 626 2715 ut
638 2666 732 2731 ingens
