1917 3117
371 205 460 243 mauu
475 206 519 244 111.

71 362 216 424 nostrisque
229 361 332 410 ductum
345 363 512 412 seditionibus

28 458 53 498 30
72 452 167 499 bellum
180 451 287 499 resedit:
303 452 419 514 protinus
434 459 458 501 et
470 455 554 514 gravis

71 540 121 587 iras
135 548 160 587 et
172 540 282 587 invisum
295 548 424 602 nepotem,

71 629 163 676 Troica
176 643 252 691 quem
264 630 363 692 peperit
376 630 507 690 sacerdos,

70 771 146 819 Marti
158 771 299 819 redonabo.
327 772 400 820 illum
414 786 462 835 ego
477 773 575 821 lucidas

69 861 133 908 inire
146 861 229 920 sedes,
245 861 338 909 dueere
353 863 462 910 nectaris

23 957 48 998 35
70 964 145 998 sucos
158 957 184 999 et
196 950 306 998 adscribi
319 951 410 1013 quietis

70 1040 202 1088 ordinibus
215 1040 298 1103 patiar
310 1039 424 1088 deorum.
480 1031 483 1032 ⁷

70 1183 131 1229 dum
143 1181 236 1244 longus
249 1182 317 1231 inter
329 1184 424 1231 saeviat
436 1183 504 1231 Ilion

69 1270 229 1333 Romamque
242 1279 345 1334 pontus,
361 1273 474 1334 qualibet
487 1273 589 1321 exsules

69 1360 96 1407 in
109 1366 181 1422 parte
194 1369 319 1421 regnanto
333 1362 415 1423 beati3

20 1456 48 1497 40
71 1449 130 1496 dum
143 1450 237 1497 Priami
250 1449 399 1513 Paridisque
412 1452 487 1500 busto

67 1591 175 1640 insultet
186 1598 328 1640 armentum
341 1600 366 1641 et
379 1594 479 1642 catulos
492 1595 563 1644 ferae

70 1682 155 1729 eelent
167 1681 272 1742 inuitae,
288 1688 338 1732 stet
351 1681 506 1745 Capitolium

69 1771 183 1833 fulgens,
198 1770 409 1834 triumphatisque
422 1773 505 1835 possit

69 1859 154 1907 Roma
166 1859 240 1907 ferox
253 1859 314 1907 dare
326 1859 382 1908 iura
393 1861 486 1909 Medis.

18 2011 47 2050 45
68 2000 199 2049 horrenda
214 2002 265 2050 late
278 2017 373 2050 nomen
385 2003 413 2051 in
426 2004 527 2051 ultimas

68 2090 270 2149 emendatores,
288 2106 338 2153 qua
351 2093 448 2140 medius
461 2093 547 2155 liquor

69 2181 181 2228 secernit
193 2180 316 2243 Europen
329 2182 360 2229 ab
373 2182 447 2241 Afro,

69 2285 122 2332 qna
135 2270 246 2317 tumidus
259 2271 326 2332 rigat
338 2285 398 2318 arva
409 2271 490 2329 Nilus,

68 2426 160 2459 aurum
171 2413 327 2476 inrepertum
340 2422 365 2462 et
378 2414 413 2461 sic
426 2414 517 2463 melius
530 2415 614 2472 situm,

16 2510 45 2550 50
69 2516 130 2550 eum
142 2509 210 2549 terra
223 2503 298 2562 celat,
313 2517 433 2566 spernere
449 2503 541 2551 fortior

67 2605 146 2655 quam
160 2606 253 2653 eogere
265 2592 392 2640 humanos
404 2593 431 2640 in
444 2607 504 2640 usus

67 2696 146 2730 omne
159 2695 260 2729 sacrum
272 2682 388 2743 rapiente
402 2683 501 2730 dextra.

122 2784 219 2819 florinus.
236 2783 266 2819 ed.
276 2784 298 2819 ΙΙ.
