1917 3117
123 195 175 245 162
432 198 554 238 EPODON

73 364 102 405 to
123 356 251 405 liberrima
262 356 422 420 indignatio?

122 444 216 493 ‘sectus
229 444 338 508 flagellis
352 447 392 494 hic
408 446 605 494 triumviralibus

123 535 257 596 praeconis
271 535 303 582 ad
316 534 446 583 fastidium

124 629 180 670 arat
191 623 293 671 Falerni
305 623 375 672 milla
388 623 460 671 fundi
472 623 569 684 iugera,

125 718 150 759 et
161 711 274 774 Appiam
286 712 387 759 mannis
400 712 466 770 terit,

74 807 103 848 tt
125 799 297 863 sedilibusque
310 815 418 863 magnus
430 800 458 847 in
471 799 558 862 primis
571 812 651 861 eques

124 886 227 937 Othone
241 896 389 952 contempto
402 889 489 940 sedat.

124 977 184 1039 quid
198 977 289 1026 attinet
300 984 339 1025 tot
351 991 397 1024 ora
409 976 513 1025 nuvium
525 975 594 1038 gravi

123 1073 231 1114 rostrata
243 1066 300 1114 duei
313 1066 427 1129 pondera

124 1162 214 1204 contra
227 1155 341 1203 latrones
354 1162 431 1216 atque
444 1152 561 1201 servilem
572 1166 687 1212 manum,

72 1249 103 1291 20
124 1243 173 1291 hoc
185 1242 236 1289 hoc
248 1243 349 1291 tribuno
363 1241 496 1290 militumi'

478 1685 513 1732 V.

124 1861 169 1910 ‘At
181 1877 197 1909 o
210 1861 316 1910 deorum
328 1862 450 1926 quidquid
462 1862 490 1910 in
503 1863 575 1911 eaelo
589 1863 655 1925 regit

125 1958 205 1999 terras
219 1958 244 2000 at
255 1951 395 1999 humanum
407 1965 497 2014 genus,

125 2039 185 2102 quid
197 2040 246 2088 ista
257 2039 307 2088 fert
319 2041 460 2089 tumultus?
480 2048 507 2090 at
520 2040 580 2103 quid
595 2040 709 2088 omnium

125 2129 208 2177 voltus
220 2129 248 2176 iu
260 2144 339 2177 unum
351 2144 392 2178 me
404 2130 505 2179 truces?

92 2226 104 2264 t
125 2232 170 2281 per
183 2218 276 2266 liberos
290 2225 323 2277 ta,
339 2219 360 2266 si
374 2227 467 2268 vocata
478 2219 602 2283 partubus

125 2305 224 2354 Lucina
237 2308 302 2355 varis
319 2308 409 2366 adfuit,

125 2408 172 2456 per
183 2395 233 2443 hoe
245 2395 321 2444 inune
334 2410 461 2459 purpurae
474 2396 552 2443 decus
565 2408 666 2458 precor,

126 2496 172 2545 por
183 2483 377 2545 inprobaturum
389 2485 452 2533 haee
464 2483 559 2543 Iovem,

127 2571 188 2633 quid
201 2578 228 2618 ut
240 2585 349 2620 noverea
361 2586 403 2621 ma
415 2573 521 2622 intueris
534 2580 578 2620 aut
591 2572 627 2620 uti

76 2667 105 2708 1⁰
127 2659 207 2722 petita
219 2658 288 2707 ferro
302 2659 403 2707 beluai’
