1917 3117
329 172 449 212 EPODON
464 174 562 212 LIBER.

69 341 100 382 ut
111 332 232 381 adsidens
244 331 401 395 inplumibus
414 331 492 394 pullis
505 331 558 379 avis

19 430 48 472 20
71 421 229 485 serpentium
240 421 362 484 adlapsus
374 421 448 469 timet

70 511 154 573 magis
166 509 272 568 relictis,
288 524 341 557 non
356 510 391 557 uti
405 511 437 557 sit
449 510 529 558 auxili

71 600 156 648 latura
168 599 226 662 plus
239 599 426 662 praesentibus.

71 688 182 737 libenter
193 686 243 735 hoc
256 696 281 735 ct
295 702 371 735 omne
384 687 535 736 militabitur

72 777 170 825 bellum
181 776 209 823 in
221 784 281 826 tuae
294 791 367 840 spem
379 776 485 839 gratiae,

19 874 49 953 ῃ
71 881 125 915 non
138 872 167 912 ut
178 865 290 914 iuvencis
302 866 410 928 inligata
422 865 538 929 pluribus

70 963 158 1004 aratra
170 954 284 1003 nitantur
296 969 361 1013 mea,

70 1058 183 1108 pecusve
197 1042 313 1092 Calabris
326 1050 386 1091 ante
398 1043 468 1091 sidus
482 1042 607 1091 fervidum

70 1133 179 1182 Lucana
191 1140 269 1181 mutet
281 1131 391 1195 pascuis,

70 1237 157 1285 neque
169 1229 197 1270 ut
210 1222 314 1283 superni
326 1222 387 1269 villa
399 1222 514 1270 candens
526 1220 632 1269 Tusculi

20 1320 50 1360 30
72 1310 180 1360 Circaea
191 1317 281 1372 tangat
291 1311 403 1359 moenia.

71 1399 134 1448 satis
147 1415 274 1463 superque
286 1416 327 1449 me
339 1401 485 1464 benignitas
497 1408 543 1449 tua

71 1488 173 1538 ditavit:
193 1489 262 1537 haud
276 1505 399 1553 paravero

72 1579 142 1642 quod
156 1587 200 1628 aut
212 1593 301 1627 avarus
313 1588 342 1627 ut
355 1579 477 1629 Chremes
490 1588 558 1628 terra
569 1592 693 1641 premam,

71 1668 208 1717 discinctus
222 1676 266 1717 aut
277 1668 384 1731 perdam
396 1683 488 1732 nepos.

367 1873 527 1880 —---—-——·

428 2110 462 2159 ll.

71 2291 175 2339 ‘Beatus
188 2291 232 2340 ille
246 2290 289 2353 qui
302 2291 390 2353 procul
405 2290 523 2353 negotiis,

71 2388 101 2428 ut
113 2379 198 2442 prisca
209 2394 273 2442 gens
285 2379 440 2438 mortalium,

72 2477 251 2532 paternarum
263 2469 345 2517 bobus
359 2477 461 2518 exercet
473 2469 526 2517 suis

73 2558 172 2607 solutus
186 2558 255 2606 omni
268 2557 365 2617 fenore,

38 2659 52 2697 5
72 2662 158 2710 neque
171 2647 295 2696 excitatur
307 2647 415 2696 classico
428 2648 502 2696 miles
514 2647 588 2706 truci,
