1917 3117
417 159 507 198 uana
520 160 541 197 1.
788 159 841 210 275

117 329 184 377 quae
197 316 303 364 laedunt
317 318 421 365 oculum
434 317 540 366 festinas
553 317 663 376 demere,
679 317 763 380 siquid

117 411 156 452 est
168 405 289 464 animum,
305 403 390 453 differs
402 405 509 453 curandi
521 414 621 467 tempus
632 407 661 453 in
673 407 788 455 annum?

71 501 101 541 4ο
118 493 250 541 dimidium
262 494 323 542 facti
337 495 380 556 qui
395 493 481 557 coepit
493 494 585 541 habet:
607 508 697 557 sapere
709 496 791 545 aude:

116 581 210 645 incipe.
238 582 282 645 qui
295 591 365 631 recte
376 582 476 631 vivendi
490 589 614 645 prorogat
626 582 726 642 horam,

115 670 224 718 rusticus
237 678 369 733 exspectat
382 672 442 719 dum
454 671 551 719 defluat
564 672 660 719 amnis:
682 673 764 721 atille

118 759 211 807 labitur
223 768 249 807 et
261 759 361 808 labetur
373 760 400 807 in
413 774 490 807 omne
502 761 621 808 volubilis
634 775 732 809 aevum.

117 848 247 909 quaeritur
259 854 393 910 argentum
406 848 543 911 puerisque
556 850 631 897 beata
642 850 760 898 creandis

70 944 101 985 45
116 951 184 984 uxor
196 943 222 984 et
233 936 344 984 incultae
357 943 482 998 pacantur
494 951 596 985 vomere
608 937 696 985 silvae.

118 1025 186 1085 quod
200 1023 261 1072 satis
274 1032 313 1072 est
325 1025 365 1072 cui
378 1024 513 1086 contingit,
530 1024 594 1071 nihil
608 1024 716 1087 amplius
730 1033 808 1088 optet.

117 1127 170 1161 non
184 1113 274 1160 domus
289 1119 314 1159 et
324 1112 429 1172 fundus,
445 1127 499 1160 non
513 1112 577 1160 aeris
591 1126 695 1160 acervus
709 1122 734 1162 et
746 1114 801 1161 auri

114 1207 221 1263 aegroto
236 1201 332 1249 domini
347 1201 450 1250 deduxit
462 1215 571 1265 corpore
584 1200 672 1260 febris,

113 1304 167 1337 non
180 1290 266 1338 animo
280 1304 369 1339 curas:
389 1290 472 1340 valeat
486 1304 621 1354 possessor
634 1298 744 1354 oportet,

69 1386 99 1426 50
114 1378 135 1425 si
148 1379 305 1442 conportatis
319 1381 394 1429 rebus
408 1382 474 1429 bene
488 1380 584 1442 cogitat
596 1380 642 1427 uti.

115 1467 159 1528 qui
172 1469 240 1529 cupit
253 1478 296 1518 aut
307 1471 405 1529 metuit,
420 1470 490 1518 iuvat
501 1469 575 1518 illum
588 1468 625 1516 sic
639 1469 729 1516 domus
743 1474 767 1517 et
781 1482 822 1517 rea

113 1562 141 1604 ut
153 1555 251 1618 lippum
264 1558 347 1620 pictae
360 1559 471 1618 tabulae,
488 1558 603 1606 fomenta
615 1558 765 1619 podagram,

115 1643 241 1692 auriculas
256 1645 368 1695 citharae
381 1648 491 1695 collecta
503 1646 580 1694 sorde
593 1645 713 1693 dolentis.

116 1732 244 1779 sincerum
256 1742 294 1781 est
304 1733 353 1780 uisi
364 1748 418 1792 vas,
426 1734 608 1796 quodcumque
618 1732 733 1781 infundis
740 1733 843 1781 acescit.
879 1790 901 1801 ᾖ,

71 1829 101 1868 tt
116 1833 208 1882 sperne
221 1821 379 1883 voluptates:
394 1829 471 1870 nocet
484 1831 570 1884 empta
583 1821 673 1869 dolore
685 1821 813 1884 voluptas.

116 1922 217 1971 semper
229 1922 319 1956 avarus
333 1918 403 1971 eget:
424 1916 520 1957 certum
532 1915 591 1956 voto
605 1915 663 1970 pete
675 1909 761 1956 finem.

115 1995 216 2045 invidus
230 1996 333 2045 alterius
347 1997 479 2045 macrescit
492 1999 568 2045 rebus
585 1996 691 2059 opimis:

115 2085 211 2134 invidia
223 2084 303 2134 Siculi
316 2100 370 2134 non
381 2086 503 2134 invenere
515 2085 616 2148 tyranni

116 2174 197 2222 maius
211 2181 374 2224 tormentum.
404 2174 514 2237 quinon
527 2174 701 2223 moderabitur
712 2174 773 2232 irae,

72 2270 102 2311 td
116 2263 239 2311 iniectum
251 2263 322 2312 volet
335 2277 399 2322 esse,
416 2263 492 2310 dolor
505 2263 574 2325 quod
588 2262 696 2310 suaserit
709 2268 734 2309 et
744 2275 827 2321 mens,

117 2353 177 2401 dum
190 2368 286 2416 poenas
302 2354 361 2401 odio
375 2368 421 2416 per
433 2353 484 2401 vim
496 2352 600 2400 festinat
612 2351 703 2401 inulto.

117 2442 155 2490 ira
167 2441 238 2489 furor
250 2442 332 2492 brevis
345 2450 398 2491 est:
414 2443 527 2490 animum
539 2456 614 2503 rcge3
635 2440 679 2502 qui
691 2439 740 2487 nisi
752 2447 834 2501 paret,

117 2530 238 2593 imperat:
261 2530 330 2579 hunc
343 2530 431 2589 irenis,
447 2529 515 2577 hunc
528 2537 556 2576 tu
569 2541 696 2590 conpesce
709 2533 810 2576 catena.

117 2619 190 2681 fingit
203 2634 297 2682 equum
308 2626 398 2668 tenera
411 2617 522 2668 docilem
534 2617 632 2666 cervice
644 2615 765 2678 magister

647 2723 693 2770 1⁸⁴
