1917 3117
387 224 474 262 LIBER
491 225 547 263 1111.

94 382 197 429 dextras
211 382 334 441 obarmet,
351 396 471 444 quaerere
486 382 580 442 distuli,

93 485 142 518 nec
156 470 220 518 seire
232 469 271 517 fas
284 479 323 519 est
335 470 441 534 omnia),
458 471 503 519 sed
517 471 560 519 diu

94 560 196 622 lateque
209 558 323 608 victrices
337 568 452 608 catervae

94 646 208 697 consiliis
220 648 318 697 iuvenis
332 649 441 697 revictae

58 803 71 841 5
93 804 196 839 sensere
209 790 270 852 quid
282 804 355 838 mens
368 791 425 850 rite,
441 791 502 853 quid
515 791 618 840 indoles

93 880 188 928 nutrita
200 879 289 927 iuuetis
302 879 348 928 sub
362 880 536 942 penetralibus

93 975 190 1032 posset,
207 968 266 1031 quid
280 968 391 1030 Augusti
404 977 524 1032 paternus

93 1058 121 1106 in
134 1072 228 1120 pueros
242 1057 341 1105 animus
354 1057 478 1106 Nerones.

93 1198 174 1248 fortes
187 1207 306 1248 creantur
319 1198 425 1248 fortibus
440 1209 464 1249 et
477 1200 567 1260 bonis;

37 1298 70 1339 3⁰
92 1296 130 1337 est
142 1289 168 1336 in
180 1288 303 1348 iuvencis,
319 1296 358 1337 est
374 1289 400 1337 in
414 1288 486 1351 equis
499 1296 600 1352 patrum

91 1377 177 1437 virtus,
193 1391 277 1439 neque
288 1377 411 1425 inbellem
424 1377 523 1427 seroces

92 1474 267 1531 progenerant
278 1467 380 1529 aquilae
394 1468 555 1515 columbam:

92 1608 209 1657 doctrina
221 1608 266 1656 sed
279 1608 329 1657 vim
341 1617 474 1672 promovet
485 1609 597 1665 insitam,

90 1697 205 1760 rectique
217 1698 300 1746 cultus
313 1705 419 1760 pectora
431 1698 568 1757 roborant3

37 1796 69 1837 35
91 1794 230 1849 utcumque
243 1786 358 1836 defecere
371 1802 466 1846 mores,

92 1876 250 1924 dedecorant
262 1876 328 1924 bene
346 1884 407 1924 nata
419 1878 519 1939 eulpae.

92 2018 152 2080 quid
166 2018 269 2077 debeas,
285 2035 300 2066 o
319 2017 410 2079 Roma,
424 2018 579 2077 Neronibus,

90 2108 161 2156 testis
174 2108 317 2155 Metaurum
330 2108 424 2156 fiumen
437 2115 462 2156 et
475 2107 621 2156 Hasdrubal

92 2197 204 2245 devictus
218 2205 243 2245 et
255 2195 362 2259 pulcher
373 2196 467 2259 fugatis

37 2296 69 2335 4ο
91 2286 135 2334 ille
149 2285 203 2334 dies
216 2286 291 2333 Latio
304 2285 425 2344 tenebris,

92 2429 135 2490 qui
148 2428 244 2490 primus
259 2428 328 2475 alma
340 2427 395 2476 risit
408 2427 512 2484 adorea,

91 2517 160 2565 dirue
173 2532 220 2580 per
231 2517 301 2565 urbis
314 2515 379 2564 Afer
392 2522 419 2563 ut
436 2515 514 2564 Italas

91 2621 139 2655 eeu
151 2607 253 2655 flamma
265 2621 311 2669 per
323 2606 411 2654 taedas
425 2606 465 2654 vel
478 2619 553 2653 eurus

91 2711 138 2760 per
151 2694 251 2745 Siculas
265 2695 387 2758 equitavit
399 2695 490 2742 undas.
