1917 3117
411 240 498 279 LIBER
511 240 544 277 11.

55 406 102 450 tio
117 397 256 447 stultitiane
270 406 336 446 erret
347 397 456 446 nihilum
469 397 572 445 distabit
584 411 617 444 an
630 397 676 444 ira.

115 487 184 535 Aiax
195 486 397 535 cuminmeritos
411 486 504 534 occidit
516 486 609 548 desipit
622 500 718 547 agnos:

116 590 173 624 cum
185 577 296 638 prudens
311 577 394 624 scelus
408 576 440 623 ob
454 575 542 623 titulos
556 574 667 623 admittis
679 574 771 628 inanis,

117 673 168 713 stas
188 665 289 723 animo,
311 673 336 713 et
353 679 445 727 purum
466 671 504 712 est
517 664 576 712 vitio
590 663 643 721 tibi,
659 678 717 711 cnm
728 665 851 713 tumidum

476 760 515 801 est
527 752 588 801 cor?

117 840 195 903 siquis
209 841 300 889 lectica
311 840 418 888 nitidam
430 852 532 903 gestare
544 850 612 889 amet
624 856 727 903 agnam,

55 938 103 978 220
117 930 176 977 hnic
188 936 292 988 vestem,
306 938 333 977 ut
345 936 448 991 gnatae,
457 938 530 992 paret
541 930 658 988 ancillas,
668 939 741 992 paret
752 945 850 991 aurum,

116 1018 210 1066 Rosam
223 1028 266 1067 ant
278 1018 403 1068 Posillam
415 1017 529 1080 adpellet
540 1018 651 1080 fortique
663 1019 754 1067 marito

117 1108 227 1156 destinet
238 1122 354 1164 uxorem,
368 1106 503 1155 interdicto
517 1106 574 1154 huic
587 1120 663 1153 omne
676 1106 772 1156 adimat
782 1108 822 1156 ius

117 1204 228 1259 praetor,
245 1204 270 1244 et
283 1197 315 1243 ad
329 1210 406 1244 sanos
419 1196 495 1243 abeat
506 1195 586 1243 tntela
599 1195 767 1257 propinquos.

118 1284 196 1348 quid?
215 1285 294 1347 siquis
307 1292 412 1347 gnatam
424 1298 470 1347 pro
484 1291 554 1331 muta
568 1284 673 1332 devovet
685 1298 762 1346 agna,

52 1382 103 1424 220
117 1374 217 1436 integer
229 1383 268 1422 est
280 1373 376 1422 animi?
394 1387 427 1421 nc
440 1372 545 1420 dixeris.
573 1386 635 1434 ergo
647 1372 691 1419 ubi
704 1386 782 1434 prava

118 1462 232 1521 stultitia,
247 1462 289 1510 hic
301 1477 399 1510 summa
412 1470 451 1510 est
463 1461 579 1510 insania:
603 1444 646 1523 oui
661 1461 810 1521 sceleratus,

118 1557 143 1599 et
155 1550 265 1598 furiosus
278 1550 338 1599 erit:
359 1564 434 1613 quem
448 1551 516 1614 cepit
527 1551 606 1599 vitrea
618 1551 695 1610 fama,

118 1640 186 1687 hunc
200 1638 378 1687 circumtonuit
391 1639 507 1700 gaudens
519 1639 630 1687 Bellona
643 1639 762 1687 cruentis.
777 1664 812 1672 —-

118 1741 188 1776 nunc
201 1741 249 1789 age
262 1726 388 1775 luxuriam
401 1734 426 1775 ct
437 1726 627 1775 Nomentanum
639 1729 722 1790 arripe
735 1742 851 1776 mecum:

51 1826 103 1868 225
119 1815 284 1865 neamenim
297 1815 387 1862 stultos
400 1814 465 1863 ratio
483 1815 597 1863 insanire
609 1823 727 1878 nepotes.

119 1905 160 1953 hic
174 1904 248 1952 simul
261 1903 360 1964 accepit
372 1903 509 1965 patrimoni
520 1904 590 1952 mille
603 1904 709 1962 talenta,

119 1994 204 2052 edicit,
219 1993 330 2055 piscator
341 1990 386 2050 uti,
402 1992 540 2054 pomarius,
555 2006 658 2054 auceps,

119 2080 303 2144 unguentarius
317 2094 347 2127 ac
359 2079 436 2128 Tusci
448 2081 523 2128 turba
534 2081 606 2143 inpia
618 2080 674 2138 vici,

119 2185 177 2219 cnm
191 2169 283 2217 scurris
296 2168 383 2227 sartor,
399 2183 457 2216 cum
469 2169 583 2218 Velabro
597 2183 673 2217 omne
685 2169 821 2217 macellum

50 2269 102 2312 230
119 2257 424 2308 manedomumveniant.
448 2257 585 2319 qnidturn?
598 2271 689 2305 venere
696 2257 851 2319 frequentes.

118 2349 197 2397 verba
208 2347 270 2396 facit
282 2347 352 2404 leno,
367 2345 499 2408 ‘quidquid
512 2346 582 2404 mihi,
592 2346 715 2408 quidquid
728 2353 753 2394 et
764 2347 855 2394 horum

119 2438 211 2500 cuique
222 2437 291 2484 domi
303 2442 348 2493 est,
364 2435 389 2483 id
402 2434 478 2483 crede
489 2446 560 2483 tuum
573 2444 599 2483 et
610 2435 648 2484 vel
663 2450 730 2483 nunc
744 2444 802 2498 pete
814 2434 855 2482 vel

482 2524 559 2572 cras.'

119 2615 208 2677 accipe
221 2613 281 2676 qnid
296 2621 385 2662 contra
397 2613 494 2661 iuvenis
507 2613 668 2676 responderit
680 2626 786 2675 aequus.

118 2703 155 2750 ‘in
168 2703 224 2751 nive
237 2702 344 2751 Lucana
356 2703 450 2751 dormis
464 2710 592 2761 ocreatus,
607 2710 635 2750 nt
647 2716 737 2765 aprum

649 2811 695 2857 to·
