1917 3117
129 152 182 201 303
385 151 601 190 EPISTULARUM

85 320 115 359 tt
129 310 198 372 rupit
209 309 330 358 Iarbitam
343 308 492 370 Timagenis
505 307 607 355 aemula
619 307 717 369 lingua,

130 398 190 445 dum
202 397 287 445 studet
299 398 410 444 urbanus
423 396 556 458 tenditque
569 396 678 444 disertus
690 394 790 442 haberi.

129 486 224 549 decipit
236 485 368 547 exemplar
383 484 450 532 vitiis
462 484 594 533 imitabile.
621 482 714 546 quodsi

130 576 253 638 pallerem
266 587 335 632 casu,
351 572 469 620 biberent
480 586 612 635 exsangue
625 572 763 619 cuminum.

131 678 147 711 o
160 663 308 718 imitatores,
324 675 424 708 servum
436 674 524 723 pocus,
540 669 568 708 ut
580 660 642 708 mihi
653 674 731 722 saepe

84 757 115 799 to
130 751 216 808 bilem,
230 763 308 812 saepe
319 748 405 796 iocum
418 749 495 796 vestri
507 764 610 797 movere
621 747 759 797 tumultus!

130 838 211 887 libera
223 851 388 901 pervacuum
400 838 475 899 posui
488 836 594 898 vestigia
606 836 734 899 princeps,

129 940 183 974 non
196 926 283 974 aliena
294 939 353 973 meo
365 925 447 988 pressi
460 926 535 987 pede.
562 925 606 987 qui
619 925 667 973 sibi
681 925 747 981 fidit,

130 1015 183 1062 dux
195 1014 260 1077 regit
272 1029 389 1063 examen.
418 1013 507 1062 Parios
521 1028 569 1076 ego
583 1013 679 1076 primus
691 1013 791 1060 iambos

129 1103 230 1151 ostendi
242 1103 326 1162 Latio,
342 1117 463 1151 numeros
476 1103 627 1164 animosque
640 1108 742 1150 secutus

84 1198 115 1238 25
128 1191 287 1250 Archilochi,
304 1206 357 1239 non
370 1206 410 1239 res
424 1199 449 1239 et
462 1190 566 1252 agentia
582 1191 660 1237 verba
671 1189 832 1250 Lycamben.

129 1294 159 1327 ac
173 1294 204 1328 ne
217 1294 257 1328 me
270 1279 339 1328 loliis
351 1280 410 1327 ideo
423 1279 582 1327 brevioribus
595 1292 681 1336 ornes,

130 1369 199 1431 quod
212 1368 284 1416 timui
297 1376 394 1415 mutare
405 1368 498 1439 modos
511 1375 537 1415 et
554 1366 673 1414 carminis
686 1375 775 1424 artem,

129 1464 255 1519 temperat
267 1455 414 1504 Archilochi
425 1470 524 1503 musam
536 1455 603 1517 pede
614 1455 730 1503 mascula
742 1453 865 1518 Sappho,

129 1551 255 1606 temperat
265 1545 387 1602 Alcaeus,
404 1545 449 1592 sed
462 1546 538 1593 rebus
552 1550 577 1591 et
589 1544 679 1591 ordine
692 1544 788 1606 dispar,

84 1639 115 1680 30
131 1646 179 1680 nec
191 1646 310 1680 socerum
322 1633 421 1695 quaerit
433 1648 511 1696 quem
522 1632 637 1680 versibus
650 1632 751 1680 oblinat
762 1633 838 1690 atris,

129 1734 178 1768 nec
191 1734 302 1783 sponsae
316 1722 436 1784 laqueum
448 1721 549 1769 famoso
562 1721 674 1768 carmine
687 1720 775 1768 nectit.

129 1808 198 1856 hunc
211 1823 269 1871 ego,
285 1825 338 1858 non
351 1811 403 1858 alio
417 1810 513 1858 dictum
525 1809 594 1872 prius
607 1823 660 1868 ore,
675 1809 783 1856 Latinus

129 1897 232 1959 volgavi
244 1898 346 1947 fidicen.
372 1899 442 1946 iuvat
454 1899 624 1946 inmemorata
636 1898 760 1946 ferentem

129 1985 249 2047 ingenuis
262 1988 395 2049 oculisque
408 1988 460 2049 legi
472 1987 642 2048 manibusque
655 1986 745 2034 teneri.

84 2081 114 2123 35
130 2074 279 2131 scirerelis,
305 2088 363 2123 mea
375 2090 420 2122 cur
431 2074 547 2135 ingratus
561 2074 684 2137 opuscula
697 2074 779 2122 lector

129 2162 217 2210 laudet
228 2171 345 2224 ametque
360 2163 438 2221 domi,
454 2170 552 2224 premat
565 2171 640 2211 extra.
649 2162 728 2210 limen
739 2162 864 2225 iniquus:

129 2266 184 2300 non
197 2266 246 2313 ego
258 2258 380 2298 ventosae
393 2250 474 2313 plebis
487 2249 608 2312 suffragia
620 2264 701 2298 venor

129 2338 244 2401 inpensis
258 2352 380 2387 cenarum
393 2347 418 2386 ot
429 2339 505 2387 tritae
516 2352 621 2387 munere
634 2338 727 2397 vestis3

129 2441 182 2473 non
195 2441 244 2488 ego
257 2427 382 2475 nobilium
394 2426 547 2489 scriptorum
559 2427 660 2475 auditor
672 2434 698 2474 et
711 2429 779 2476 ultor

83 2520 114 2560 to
129 2514 308 2574 grammaticas
322 2514 418 2562 ambire
431 2514 511 2562 tribus
525 2522 550 2563 et
561 2516 661 2578 pulpita
673 2516 775 2578 dignor.

129 2600 189 2647 hiuc
201 2601 261 2649 illae
274 2602 401 2650 lacrimae.
428 2602 525 2665 ‘spissis
538 2602 647 2664 indigna
658 2604 764 2652 theatris
