1917 3117
139 167 193 217 322
394 169 606 209 EPISTULARUM

139 340 181 374 res
193 333 286 388 urguet
297 340 339 374 me
352 327 438 374 nulla:
458 341 516 374 meo
529 341 585 374 sum
598 341 696 388 pauper
707 326 735 374 in
748 340 818 374 aare.

140 427 218 462 nemo
229 414 279 462 hoo
289 429 449 477 mangonum
460 415 556 463 iaceret
567 415 625 462 tibi:
641 429 696 462 non
706 424 802 463 temere
812 430 831 463 a
839 432 884 465 mo

141 502 221 565 quivis
233 501 312 551 ferret
323 503 399 551 idern.
426 504 506 551 semel
519 503 560 551 hic
573 504 681 550 cessavit
693 512 726 561 et,
741 511 770 551 ut
785 505 823 563 fit,

96 598 125 639 lo
138 590 166 638 iu
180 591 255 638 scalis
269 591 344 638 latuit
355 600 470 640 metuens
483 592 618 654 pendentis
631 592 762 639 habenae:

140 679 185 727 des
197 693 325 738 nummos,
341 687 450 742 excepta
461 680 524 727 nihil
537 688 562 727 te
575 680 596 726 si
608 679 670 742 fuga
683 680 762 728 laedit
770 681 789 726 :'

138 767 182 816 ille
194 767 260 815 serat
271 767 381 830 pretium
393 781 494 830 poenae
506 782 618 825 securus,
635 768 736 830 opinor.

139 855 251 918 prudens
264 856 348 903 emisti
360 856 494 915 vitiosum
516 857 584 904 dicta
600 856 646 904 tibi
658 864 696 904 est
708 857 765 904 lex:

138 945 280 1007 insequeris
293 952 379 993 tamen
392 944 461 993 huno
473 954 499 993 et
510 946 554 993 lite
566 945 673 992 moraris
686 945 785 1007 iniqua.

93 1040 125 1082 2⁰
139 1032 193 1081 dixi
204 1047 245 1081 me
257 1033 359 1095 pigrum
371 1034 544 1095 proficiscenti
555 1034 610 1092 tibi,
626 1034 679 1081 dixi

138 1121 231 1170 talibus
246 1121 337 1168 officiis
351 1135 432 1183 prope
444 1135 573 1180 mancum,
588 1135 691 1169 nemea
703 1137 795 1171 saevus

138 1211 253 1273 iurgares
266 1211 298 1256 ad
311 1218 337 1258 te
349 1210 418 1272 quod
432 1210 542 1272 epistula
555 1211 627 1258 nulla
639 1210 741 1259 rediret.

139 1300 200 1362 quid
213 1307 267 1346 tum
279 1299 386 1362 profeci,
402 1314 502 1347 meeum
516 1299 637 1346 facientia
649 1299 705 1346 iura

139 1388 160 1436 si
173 1396 259 1436 tamen
272 1387 424 1450 attemptas?
437 1387 551 1450 quereris
561 1401 638 1450 super
649 1387 698 1435 hoc
710 1388 796 1448 etiam,
807 1393 883 1452 quod

92 1485 123 1525 25
138 1484 285 1539 exspectata
296 1476 342 1524 tibi
354 1492 408 1524 nou
420 1477 519 1524 mittam
531 1477 646 1524 earmina
662 1477 784 1524 mendax.

138 1565 240 1613 Luculli
252 1565 325 1611 miles
339 1565 447 1613 collecta
459 1565 551 1612 viatica
563 1565 649 1612 multis

138 1653 274 1709 aerumnis,
289 1654 372 1700 lassus
386 1655 446 1701 dum
458 1662 537 1702 noctu
549 1653 641 1711 stertit,
657 1653 689 1700 ad
703 1667 787 1700 assem

138 1741 296 1803 perdiderat:
308 1750 368 1804 post
378 1741 429 1790 hoc
439 1742 575 1790 vehemens
586 1743 671 1804 lupus,
681 1750 706 1789 et
715 1742 764 1789 sibi
775 1751 800 1790 et
808 1743 882 1792 hosti

138 1830 216 1878 iratus
229 1830 331 1893 pariter,
346 1831 438 1880 ieiunis
451 1831 570 1878 dentibus
585 1845 652 1889 acer,

93 1925 123 1968 30
138 1919 292 1982 praesidium
304 1920 391 1982 regale
403 1920 462 1967 loco
475 1919 576 1977 deiecit,
591 1927 620 1967 ut
631 1919 711 1976 aiunt,

139 2022 237 2055 summe
248 2007 348 2055 munito
362 2014 387 2054 et
399 2007 536 2054 multarum
549 2005 624 2054 divite
636 2020 727 2054 rerum.

139 2097 223 2144 clarus
236 2097 269 2145 ob
281 2096 307 2144 id
319 2095 415 2142 iactum
432 2095 508 2142 donis
522 2102 627 2142 ornatur
639 2095 764 2154 honestis,

138 2184 231 2246 accipit
243 2192 268 2232 et
281 2184 319 2231 bis
332 2184 400 2231 dena
411 2197 489 2245 super
498 2183 614 2231 sestertia
624 2197 765 2230 nummum.

137 2272 204 2321 forte
217 2273 263 2320 sub
277 2272 327 2320 hoe
339 2281 439 2334 tempus
453 2272 587 2319 castellum
600 2279 713 2319 evertere
724 2280 831 2334 praetor

92 2369 123 2410 35
138 2361 308 2423 nescioquod
322 2361 426 2423 cupiens
440 2361 537 2408 hortari
550 2361 635 2422 coepit
648 2360 760 2408 eundem

138 2448 219 2496 verbis
233 2462 297 2511 quae
310 2449 398 2496 timido
412 2463 514 2511 quoque
522 2457 629 2510 possent
638 2449 732 2496 addere
744 2457 877 2505 mentem:

137 2535 163 2593 ‘i‚
178 2535 255 2594 bone,
271 2551 322 2598 quo
334 2537 412 2584 virtus
424 2545 469 2584 tua
482 2544 506 2585 te
520 2544 604 2595 vocat,
619 2537 627 2584 i
641 2537 706 2599 pede
723 2538 819 2596 lausto,

139 2621 246 2682 grandia
258 2623 355 2671 laturus
367 2626 514 2673 meritorum
526 2626 649 2686 praemia.
677 2626 738 2687 quid
751 2633 805 2673 stas
813 2626 835 2672 Υ
