1917 3117
123 220 158 270 88
416 222 579 262 cesimum

124 380 167 444 qui
180 380 282 443 perfidis
296 395 323 429 se
336 379 442 429 eredidit
453 380 578 439 hostibus,

124 478 149 519 et
161 470 244 518 Morte
256 470 359 518 Poenos
372 476 486 533 proteret
498 468 580 517 altero

72 567 103 609 35
124 559 167 623 qui
180 560 237 608 lora
250 559 370 607 restrictis
383 558 485 607 lacertis

124 648 203 697 sensit
215 649 284 696 iners
298 648 430 711 timuitque
442 655 560 696 mortem.

98 801 104 838 t
124 790 165 838 hic
177 790 246 838 unde
259 790 337 839 vitam
349 800 460 839 sumeret
476 791 568 839 suxius

124 893 215 943 pacem
227 878 312 927 duello
325 871 446 938 miscuit}
463 894 478 927 o
492 880 590 942 pudor!

125 983 141 1016 o
153 982 248 1031 magus
261 967 389 1031 Carthago
402 968 535 1031 probrosis

73 1066 104 1106 to
125 1058 202 1106 altior
213 1056 303 1106 Italiae
316 1056 395 1105 ruinis
404 1058 422 1106 Γ

124 1199 204 1249 fertur
216 1199 324 1262 pudicae
337 1198 452 1261 coniugis
465 1201 581 1248 osculum

124 1303 268 1353 parvosque
280 1296 355 1337 natos
368 1297 396 1337 ut
408 1289 497 1352 ospitis
509 1290 594 1337 minor

125 1380 157 1427 sb
171 1393 199 1426 se
212 1378 350 1427 removisse
363 1386 388 1426 et
399 1378 498 1427 virilem

125 1476 211 1516 torvus
224 1466 294 1515 burni
308 1466 424 1529 posuisse
436 1468 542 1526 voltum,

73 1618 104 1658 45
126 1610 209 1658 donec
222 1609 331 1659 labentis
346 1609 453 1657 consilio
467 1617 551 1672 patres

125 1700 238 1747 firmaret
249 1707 339 1747 auctor
351 1714 490 1762 numquam
503 1699 567 1746 alios
582 1699 653 1756 dete,

125 1787 243 1850 interque
256 1788 393 1836 maerentis
408 1789 504 1836 amieos

125 1878 241 1939 egregius
254 1885 402 1940 properaret
414 1879 496 1927 exsul.

125 2020 196 2082 atqui
209 2019 306 2068 sciebat
318 2032 383 2082 quae
397 2018 445 2067 sibi
458 2020 582 2069 barbarus

74 2116 104 2156 50
125 2114 207 2156 tortor
218 2116 335 2171 pararet:
356 2121 409 2155 non
423 2108 497 2157 aliter
508 2116 594 2159 temen

126 2197 231 2245 dimovit
243 2197 369 2246 obstantis
386 2197 546 2260 propinquos

125 2295 150 2335 et
161 2287 285 2349 populum
297 2286 393 2335 reditus
409 2294 553 2335 morantem

125 2442 203 2491 quem
215 2427 237 2475 si
250 2428 372 2476 clientum
384 2429 464 2491 longe
476 2427 582 2491 negotia

126 2516 263 2565 diiudicata
275 2517 318 2565 lite
331 2517 495 2580 relinqueret,

74 2614 104 2654 tt
125 2605 232 2654 tendens
244 2605 406 2655 Venafranos
419 2607 446 2654 in
458 2621 535 2668 agros

125 2701 168 2741 sut
180 2693 412 2744 Lacedaemonium
424 2695 574 2743 Tarentum.

417 2844 577 2851 ——-—
