1917 3117
417 173 507 212 nmnn
520 173 540 210 1.
789 170 843 220 279

89 338 101 377 s
116 330 182 379 inter
192 331 336 380 Minturnas
349 330 586 392 Sinuessanumque
599 330 739 378 Petrinum.

117 419 138 466 si
150 419 240 468 melius
253 419 314 483 quid
327 420 416 479 hebes,
430 433 548 478 arcesse3
570 419 609 467 vel
622 418 757 481 imperium
769 417 817 466 fer.

115 507 255 556 inndudum
268 510 388 572 splendet
399 509 473 556 focus
487 516 512 556 et
523 508 569 556 tibi
582 508 678 555 munda
691 507 816 570 supellex.

114 595 186 644 mitte
199 597 262 645 levis
276 612 335 659 spes
349 604 375 644 et
387 596 528 644 conamine
541 596 684 643 divitiarum

116 693 141 734 et
153 686 255 734 Moschi
267 700 384 734 causum:
401 699 456 733 cras
470 692 532 732 neto
546 684 657 732 Caesare
669 683 748 741 festus
761 722 766 727 .

69 781 100 821 to
117 773 160 821 dat
172 774 272 821 venium
284 787 454 836 somnumque
467 773 536 832 dies3
551 772 649 835 inpune
661 773 749 820 licebit

115 861 362 926 festivumpsermone
376 861 489 923 benigno
503 860 610 908 tendere
623 868 735 909 noctem.

116 965 166 1013 quo
179 950 242 997 mihi
255 949 394 1009 fortunam,
410 950 432 996 si
445 964 500 997 non
513 949 663 997 conceditur
674 948 730 997 uti?

115 1053 206 1101 parcus
220 1039 253 1086 ob
267 1037 367 1086 heredis
381 1051 469 1084 curam
482 1037 639 1099 nimiumque
651 1051 754 1085 severus
796 1050 836 1083 s

117 1127 217 1174 adsidet
229 1126 331 1174 insano.
358 1132 448 1190 potare
460 1132 487 1174 et
498 1139 619 1189 spargere
631 1126 707 1173 flores

70 1221 100 1262 15
114 1214 236 1278 incipiam
248 1215 381 1278 patiarque
392 1214 433 1262 vel
445 1214 607 1262 inconsultus
620 1213 717 1262 haberi.

116 1304 176 1366 quid
190 1319 243 1352 non
257 1304 368 1352 ebrietas
382 1303 519 1366 designat?
539 1310 628 1365 operta
639 1303 757 1363 recludit,

116 1408 174 1456 spes
188 1394 258 1442 iubet
270 1408 327 1441 esse
339 1401 416 1452 retas,
432 1393 464 1439 ad
478 1391 579 1455 proelia
591 1391 670 1439 trudit
681 1391 798 1450 inertem,

42 1471 46 1477 ’
115 1482 230 1530 sollicitis
243 1483 333 1530 animis
347 1497 413 1530 onus
426 1481 522 1541 eximit,
538 1481 648 1529 addocet
660 1479 729 1528 crus.

116 1568 222 1616 fecundi
235 1571 328 1617 culices
342 1585 419 1632 quem
431 1585 486 1618 non
499 1569 584 1618 secere
597 1568 735 1617 disertum?

69 1665 101 1705 20
116 1664 247 1704 contractu
261 1672 337 1719 quem
350 1658 441 1705 nonin
455 1665 606 1720 paupertate
618 1657 747 1705 solutum?

116 1745 180 1792 haec
194 1759 242 1806 ego
255 1752 393 1807 procurare
406 1753 431 1793 et
442 1746 551 1793 idoneus
564 1746 677 1807 imperor
689 1752 715 1793 et
727 1760 782 1793 non

116 1832 219 1890 invitus,
234 1846 268 1880 ne
280 1840 353 1895 turpe
365 1833 441 1891 toral,
457 1848 491 1880 ne
503 1833 607 1881 sordide
618 1848 714 1896 mappa

117 1927 235 1982 corruget
247 1921 326 1979 naris,
342 1935 374 1970 ne
388 1936 441 1969 non
456 1930 482 1969 et
493 1921 629 1969 cantharus
643 1927 668 1969 et
679 1922 743 1969 lanx

118 2010 237 2057 ostendat
250 2009 295 2057 tibi
308 2017 341 2069 tc,
357 2024 389 2057 ue
403 2009 469 2057 fidos
482 2010 550 2057 intcr
562 2009 659 2056 amicos

70 2105 102 2145 25
117 2097 149 2146 sit
162 2099 206 2160 qui
219 2097 371 2148 dictatores
383 2097 506 2155 eliminet,
521 2104 549 2144 ut
561 2104 636 2145 coeat
648 2110 695 2160 pur

116 2187 287 2250 iungaturque
299 2187 364 2249 puri.
385 2186 493 2233 Butram
504 2186 550 2234 tibi
563 2184 755 2248 Septiciumque

118 2284 143 2325 ct
155 2276 204 2323 nisi
217 2290 281 2324 cena
293 2275 364 2337 prior
375 2274 511 2337 potiorque
524 2275 611 2336 puelle
623 2273 748 2322 Sabinum

118 2364 215 2412 detinet
226 2365 369 2411 adsumam.
397 2364 469 2411 locus
483 2371 522 2411 est
534 2371 559 2412 et
571 2362 686 2425 pluribus
698 2363 810 2411 umbris:

119 2454 164 2500 sed
177 2453 253 2500 nimis
265 2460 320 2500 urta
334 2459 453 2514 premunt
466 2452 551 2500 olidae
564 2452 679 2523 convivia
691 2466 794 2514 caprae.

73 2549 103 2590 3⁰
117 2550 144 2589 tu
156 2549 248 2603 quotus
262 2555 319 2590 esse
332 2540 394 2588 velis
407 2541 519 2589 rescribe
532 2548 557 2589 et
569 2542 644 2588 rebus
657 2540 758 2589 omissis

118 2629 183 2677 atriu
195 2638 338 2678 servantem
350 2631 451 2692 postico
464 2630 526 2678 falle
540 2629 668 2678 clientem.

401 2780 562 2788 ,α-
