1917 3117
129 178 182 229 340
426 180 557 218 nuuurn

128 353 183 387 non
196 337 276 401 quivis
289 336 357 385 videt
367 336 528 384 inmodulata
539 342 659 398 poemata
670 335 757 393 index,

129 434 155 474 et
167 426 228 474 data
238 425 363 474 Romanis
376 425 452 473 venia
464 431 503 472 est
514 424 622 486 indigua
633 424 726 487 poetis.
804 466 806 468 ,

65 521 114 562 265
128 514 259 562 idcircone
272 528 349 576 vager
362 513 523 575 scribamque
535 511 659 560 licenter?
677 525 710 560 an
723 512 809 559 omnis

129 603 228 651 visuros
242 609 347 665 peccata
359 609 445 665 putem
457 615 523 659 mea,
538 608 608 649 tutus
621 607 646 648 et
657 601 726 649 intra

130 704 203 754 spem
215 690 304 738 veniae
317 689 423 737 cantus?
436 689 511 737 vitavi
525 689 634 752 denique
647 690 757 752 culpam,

131 793 184 826 non
197 779 300 827 laudem
314 777 404 826 merui.
431 791 477 824 vos
490 778 648 840 exemplaria
661 777 762 826 Graeca

130 873 257 914 nocturna
269 873 368 914 versate
380 879 467 924 manu,
483 874 581 914 versute
593 866 692 913 diurna.

67 961 115 1003 270
131 962 157 1002 at
170 954 245 1003 vestri
258 954 347 1017 proavi
359 954 493 1002 Plautinos
507 962 532 1002 et
545 968 664 1002 numeros
678 962 704 1002 et

130 1043 266 1091 laudavere
278 1043 355 1102 salos,
371 1043 477 1090 nimium
489 1043 616 1105 patienter
628 1050 771 1105 utrumque.

130 1145 164 1179 ne
178 1132 262 1179 dicam
274 1132 359 1190 stulte,
374 1130 467 1189 mirati,
483 1132 504 1178 si
517 1131 594 1179 modo
609 1145 657 1193 ego
670 1140 696 1179 et
708 1144 753 1178 vos

131 1220 224 1268 seimus
237 1220 391 1268 inurbanum
403 1219 490 1281 lepido
504 1233 630 1282 seponere
644 1219 722 1278 dicto,

130 1308 322 1371 legitimumque
334 1323 427 1356 sonum
440 1307 525 1369 digitis
538 1308 661 1355 callemus
674 1314 700 1355 et
711 1321 783 1355 aure.

67 1404 97 1445 Ἡ
104 1404 116 1443 5
129 1396 248 1459 ignotum
260 1397 372 1460 tragicae
385 1410 466 1458 genus
478 1396 607 1443 invenisse
620 1409 742 1443 camenae

131 1485 222 1533 dicitur
234 1492 259 1533 et
271 1485 391 1547 plaustris
404 1485 504 1533 vexisse
516 1492 637 1547 poemata
649 1483 769 1546 Thespis,

132 1587 198 1636 quae
211 1579 334 1621 canerent
346 1580 504 1635 agerentque
516 1573 634 1634 peruncti
646 1571 761 1619 faecibus
774 1586 832 1619 ora.

131 1669 189 1724 post
201 1660 270 1709 hunc
282 1675 409 1723 personae
422 1661 558 1723 pallaeque
569 1667 686 1722 repertor
697 1660 825 1709 honestae

129 1749 275 1810 Aeschylus
289 1755 315 1797 et
326 1749 433 1796 modicis
446 1749 563 1796 instravit
575 1749 674 1811 pulpita
685 1748 762 1811 tignis

68 1844 116 1886 280
131 1844 157 1886 et
170 1836 256 1885 docuit
267 1851 441 1899 magnumque
453 1837 525 1899 loqui
537 1836 634 1899 nitique
648 1837 782 1885 cothurno.

131 1925 253 1974 successit
264 1932 336 1973 vetus
349 1925 388 1972 his
402 1925 544 1985 comoedia,
560 1940 614 1973 non
627 1924 683 1974 sine
694 1925 774 1972 multa

132 2014 224 2062 lande:
245 2014 330 2062 sedin
343 2012 431 2062 vitium
443 2013 548 2062 libertas
562 2013 657 2062 excidit
671 2022 696 2062 et
706 2013 757 2060 vim

132 2103 238 2164 dignam
250 2103 308 2164 lege
320 2102 389 2163 regi:
404 2101 449 2150 lex
461 2110 501 2150 est
512 2109 627 2165 accepta,
643 2103 787 2164 chorusque

131 2190 240 2253 turpiter
253 2190 361 2238 obticuit
373 2190 475 2239 sublato
489 2190 543 2238 iure
557 2190 679 2239 nocendi.

69 2286 117 2327 aab
132 2278 169 2326 nil
181 2279 360 2340 intemptatum
372 2279 453 2326 nostri
465 2279 563 2341 liquere
575 2288 677 2342 poetae,

132 2380 181 2414 nec
193 2366 326 2413 minimum
338 2379 454 2414 meruere
467 2367 545 2415 decus
558 2367 664 2430 vestigia
677 2365 777 2415 Graeca

134 2452 188 2500 ausi
202 2453 319 2502 deserere
333 2460 358 2501 et
370 2454 501 2503 celebrare
515 2455 654 2502 domestica
666 2455 743 2514 sacta,

133 2539 174 2587 vel
187 2539 231 2600 qui
244 2547 387 2602 praetextas
402 2542 441 2589 vel
455 2543 499 2603 qui
512 2543 621 2590 docuere
633 2550 743 2602 togatas.

134 2639 182 2673 nec
195 2626 286 2674 virtute
299 2627 365 2676 foret
378 2628 485 2678 clarisve
497 2631 626 2693 potentius
639 2631 716 2679 armis

937 2386 950 2419 ‘t
