1917 3117
132 198 184 249 17⁶
443 201 565 241 pronon

132 359 176 421 qui
188 372 311 421 persaepe
323 373 386 407 aava
398 359 526 408 testudine
543 358 612 407 flevit
624 372 737 407 amorem

131 461 185 495 non
198 447 357 496 elaboratum
369 431 403 495 ad
414 448 515 510 pedem.

131 536 211 585 ureris
223 536 280 599 ipse
291 537 383 584 miser:
405 537 497 599 quodsi
510 550 564 585 non
582 536 709 599 pulchrior
721 535 788 599 ignis

131 625 248 673 accendit
260 625 391 674 obsessam
402 621 479 685 Ilion,

82 721 110 762 tt
131 714 215 777 gande
227 721 295 762 sorte
308 721 366 773 tna3
380 727 421 762 me
433 713 554 761 libertina
565 726 648 776 neque
660 727 713 761 uno

132 810 254 851 contenta
265 801 368 864 Phryne
380 810 502 851 macerat.
622 797 624 802 ’

424 1007 582 1014 -—-—-

471 1244 532 1293 XV.

129 1422 189 1471 Nox
201 1430 256 1472 erat
269 1430 294 1471 et
306 1423 378 1470 eaelo
392 1421 509 1485 fulgebat
521 1422 585 1471 luna
596 1437 688 1471 sereno

128 1512 196 1561 inter
208 1511 309 1559 minora
320 1511 412 1570 sidera,

130 1615 187 1648 oum
199 1609 227 1649 tu
238 1615 389 1663 magnorum
401 1614 497 1649 numen
510 1600 612 1649 laesura
624 1600 730 1648 deorum

129 1689 156 1736 in
170 1690 245 1737 verba
256 1689 358 1737 iurabas
372 1703 437 1747 mea,

95 1788 109 1827 5
129 1777 208 1826 artius
222 1785 299 1840 atque
312 1778 406 1826 hedera
418 1792 529 1846 procera
541 1777 707 1841 adstringitur
718 1778 771 1826 ilex

129 1866 205 1915 lentis
218 1867 360 1916 adhaerens
374 1866 506 1925 bracchiis,

129 1956 190 2003 dum
202 1956 289 2019 pecori
302 1956 385 2019 lupus,
401 1964 427 2004 et
439 1957 523 2005 nautis
537 1956 645 2005 infestus
659 1955 740 2004 Orion

128 2045 236 2093 turbarit
246 2046 381 2094 hibernum
398 2058 477 2103 mare,

128 2132 297 2196 intonsosque
310 2134 412 2195 agitarit
423 2134 555 2197 Apollinis
568 2147 630 2181 aura
642 2133 760 2195 capillos,

78 2229 108 2270 to
129 2222 185 2271 fore
198 2222 267 2269 hune
279 2236 393 2271 amorem
405 2231 529 2270 mutuum.

129 2325 145 2358 o
159 2311 270 2358 dolitura
281 2325 339 2360 mea
350 2311 459 2359 multum
471 2311 562 2360 virtute
574 2309 688 2359 Neaera:

128 2400 223 2447 namsi
236 2399 297 2461 quid
309 2401 336 2449 in
351 2399 443 2448 Flacco
457 2399 536 2458 virise

128 2502 182 2535 non
194 2487 259 2535 feret
271 2488 391 2537 adsiduas
404 2488 497 2551 potiori
509 2495 534 2536 te
548 2489 609 2536 dare
626 2488 718 2546 noctis,

128 2583 153 2624 et
166 2583 271 2637 quaeret
282 2577 361 2625 iratus
374 2591 476 2639 parem:

78 2672 107 2712 tt
128 2676 176 2712 nee
189 2664 267 2712 semel
281 2664 394 2714 offensae
407 2665 482 2715 cedet
493 2665 640 2716 constantia
652 2664 759 2725 formae,
