1917 3117
136 223 189 273 230
413 225 586 264 SATIRARUM

136 384 224 431 hortos
238 382 405 445 egregiasque
419 382 509 430 domos
524 382 658 430 mercarier
671 396 735 429 unus

91 479 122 521 25
136 486 194 519 cum
207 471 277 519 lucro
292 485 397 531 noram3
418 471 487 519 unde
499 469 643 533 frequentia
655 469 811 518 Mercuriale

134 561 271 623 inposuere
283 559 344 606 mihi
358 573 503 621 cognomen
516 559 648 621 compita.'
672 559 740 618 novi,

136 657 161 698 et
173 649 251 696 miror
263 647 345 696 morbi
358 654 494 710 purgatum
506 655 531 695 te
543 647 620 695 illius.
647 647 725 710 ‘atqui

137 737 229 785 emovit
242 745 351 784 veterem
363 737 426 784 mire
438 750 529 793 novus,
543 743 572 783 ut
584 736 659 793 solet,
675 736 701 783 in
722 750 768 783 cor

135 825 241 875 traiecto
254 824 341 873 lateris
354 823 440 873 miseri
453 823 576 887 capitisve
589 825 693 885 dolorc3

91 924 121 965 30
136 926 163 963 ut
176 912 330 975 lethargicus
345 913 395 971 hic,
411 927 469 961 cum
483 913 510 960 fit
522 913 593 975 pugil
606 919 632 960 ct
644 912 773 961 medicum
787 916 905 976 urguet.²

137 1004 196 1051 dum
209 1001 314 1064 nequid
328 1000 410 1049 simile
422 1001 490 1058 huic,
499 1008 554 1049 esto
567 1000 676 1050 utlibet.
696 1002 721 1048 ‘o
735 1002 814 1061 bone,
825 1018 862 1051 ne
876 1012 904 1051 tc

136 1093 270 1140 frustrare:
291 1089 389 1137 insanis
403 1097 428 1137 et
439 1096 466 1136 tu
479 1089 602 1152 stultique
615 1104 698 1152 prope
711 1105 813 1149 omues,

137 1182 219 1243 siquid
234 1178 370 1227 Stertinius
384 1178 437 1225 veri
449 1185 546 1240 crepat,
562 1178 630 1226 uude
643 1192 692 1241 ego
705 1179 772 1226 mira

138 1269 261 1331 descripsi
274 1266 364 1316 docilis
378 1275 514 1329 praecepta
526 1266 599 1324 haec,
615 1274 732 1329 tempore
745 1282 798 1330 quo
811 1283 855 1316 me

92 1365 122 1407 ³5
137 1358 234 1406 solatus
246 1356 320 1405 iussit
332 1355 474 1417 sapientem
487 1368 593 1416 pascere
610 1354 716 1402 barbam

137 1454 214 1508 atque
226 1459 242 1491 a
253 1443 372 1492 Fabricio
385 1457 438 1490 uon
452 1443 550 1490 tristem
563 1450 643 1505 ponte
656 1444 756 1491 reverti.

136 1548 205 1590 nam,
221 1533 287 1579 male
301 1539 422 1593 regesta,
437 1545 496 1579 cum
509 1530 602 1578 vellem
614 1530 714 1579 mittere
732 1541 826 1594 operto

136 1636 177 1669 me
189 1621 272 1683 capite
284 1620 311 1668 iu
323 1620 426 1679 flumen,
443 1620 532 1667 dexter
544 1619 614 1667 stetit
626 1625 652 1667 et
664 1619 742 1668 “cave
755 1620 823 1669 faxis

135 1717 160 1758 tc
168 1709 458 1774 quicquamindignum:
471 1707 660 1770 pudor''iuquit
672 1707 804 1756 “temalus
813 1710 900 1772 angit,

89 1805 121 1846 to
135 1797 242 1845 insanos
257 1798 300 1859 qui
313 1799 380 1847 inter
391 1811 496 1846 vereare
508 1795 614 1844 insanus
627 1796 724 1844 baberi.

136 1885 244 1948 primum
256 1902 316 1934 nam
326 1887 454 1949 inquiram
466 1883 527 1946 quid
541 1884 678 1933 sitfnrcre:
693 1885 742 1933 hoc
750 1886 771 1932 si
779 1886 866 1935 critin
875 1897 902 1936 te

136 1975 201 2034 solo,
218 1976 253 2024 nil
267 1976 346 2035 verbi,
362 1988 452 2037 percas
465 1972 527 2035 quin
540 1971 648 2031 fortiter,
663 1972 766 2021 addam.

136 2079 212 2126 quem
224 2065 293 2113 mala
305 2063 411 2112 stultitia
424 2070 449 2110 et
462 2075 650 2124 quemcumque
667 2061 770 2108 inscitia
783 2062 837 2109 veri

136 2167 241 2201 caecum
254 2153 315 2215 agit,
330 2153 449 2200 insanum
462 2149 599 2211 Chrysippi
617 2150 731 2212 porticus
745 2159 770 2197 et
784 2165 852 2212 grex

88 2249 120 2290 45
135 2249 257 2290 autumat.
279 2243 343 2290 haec
356 2238 476 2302 populos,
486 2238 549 2285 baec
561 2251 670 2298 magnos
684 2237 797 2286 formula
810 2254 900 2303 roges,

136 2339 244 2393 excepto
258 2329 382 2393 sapiente.
398 2334 478 2376 tenet.
506 2340 574 2374 nunc
588 2326 684 2388 accipe,
700 2341 780 2388 qnare

130 2418 258 2480 desipiant
271 2431 361 2466 omnes
374 2429 456 2478 aeque
469 2428 500 2462 ac
513 2423 549 2472 tu,
565 2414 609 2476 qui
621 2413 666 2461 tibi
678 2428 775 2463 nomen

134 2505 227 2552 insano
241 2519 358 2569 posuere.
385 2504 455 2553 velut
467 2503 546 2560 silvis,
561 2502 604 2550 ubi
618 2502 714 2563 passim

134 2593 245 2654 palantis
258 2609 331 2643 error
342 2600 412 2641 corto
427 2592 458 2640 de
470 2592 572 2639 tramite
590 2590 672 2653 pellit,

89 2689 119 2730 to
134 2680 178 2729 ille
191 2680 374 2740 sinistrorsum,
391 2680 431 2728 bic
444 2680 606 2728 dextrorsum
617 2677 678 2736 abit,
696 2694 759 2727 unrrs
774 2684 883 2747 utrique
