1917 3117
394 243 483 280 usur
496 243 529 280 11.
770 239 821 289 241

98 401 159 463 quid
172 400 258 455 refert,
273 401 364 448 morbo
379 415 411 447 an
425 400 498 447 furtis
511 413 645 462 pereamve
658 399 781 462 rapinis?
793 427 827 434 -

97 487 416 552 ‘quisnamigitursauusi’
428 488 473 549 qui
480 487 641 535 nonstultus.
656 487 725 548 ‘quid
733 488 847 535 avarusi‘

98 579 188 626 stultns
204 586 229 626 et
240 577 356 624 insanus.
383 576 462 637 ‘quid,
478 576 557 637 siquis
570 589 624 623 non
637 574 669 623 sit
680 590 778 634 avarus,

34 676 82 716 160
98 667 221 715 continno
235 663 340 713 sanus?'
357 664 469 712 minime.
497 665 559 723 ‘eun
576 663 681 712 stoicei'
699 663 790 711 dicam.

98 770 151 804 non
164 764 203 803 est
215 753 345 801 cardiacus
360 752 505 814 (Craterum
518 753 613 800 dixisse
625 752 727 814 putate)

98 845 139 891 hic
152 857 244 904 aeger:
266 850 334 889 recte
348 848 386 888 est
397 842 476 902 igitur
490 841 643 904 surgetque?
663 841 777 903 negabit.

100 932 181 995 [quud
189 932 260 978 'latus
274 937 317 977 aut
329 943 402 977 renes
415 930 507 977 morbo
519 936 673 991 temptantur
685 929 784 992 acute]

98 1036 151 1068 non
165 1028 204 1068 est
217 1018 331 1081 periurus
344 1032 428 1079 neque
441 1019 568 1066 sordidus.
596 1018 703 1065 inmolet
715 1018 804 1079 aequis

32 1119 83 1159 165
99 1110 139 1157 hic
152 1123 259 1171 porcum
271 1106 377 1154 laribus.
404 1121 492 1154 verum
504 1106 655 1154 ambitiosus
668 1114 694 1153 et
706 1107 800 1153 audax.

99 1197 200 1259 naviget
212 1196 369 1257 Anticyram.
397 1195 457 1256 quid
471 1196 540 1243 enirn
552 1194 643 1252 differt,
659 1194 813 1242 barathrone

10 1308 24 1344 s
99 1288 179 1333 dones
193 1284 316 1347 quidquid
329 1284 408 1331 habes
421 1297 455 1331 an
467 1298 607 1345 numquam
618 1290 690 1330 utare
703 1282 816 1345 paratis?

101 1373 203 1423 Servius
218 1373 343 1436 Oppidius
357 1371 453 1420 Canusi
466 1372 516 1419 duo
530 1371 643 1433 praedia,
660 1371 728 1418 dives

99 1463 204 1525 antiquo
218 1477 305 1521 censu,
321 1462 385 1510 natis
400 1460 491 1509 divisse
504 1461 604 1508 duobus

34 1562 83 1603 170
99 1553 178 1600 fertur
191 1560 215 1600 et
226 1552 276 1598 hoc
289 1552 400 1598 moriens
413 1549 499 1612 pueris
513 1549 608 1597 dixisse
620 1548 716 1596 vocatis

99 1642 131 1687 ad
145 1641 239 1688 lectum
251 1640 396 1701 ‘postquam
408 1648 432 1687 te
445 1639 521 1697 talos,
535 1638 612 1696 Aule,
628 1652 757 1700 nucesque

98 1729 165 1776 ferre
177 1727 235 1774 sinu
247 1728 316 1786 laxo,
332 1728 429 1775 donare
442 1736 467 1775 et
479 1727 567 1774 ludere
579 1726 637 1784 vidi,

100 1826 133 1876 te,
148 1816 245 1874 Tiberi,
261 1829 403 1872 numerare,
419 1816 487 1862 caiis
505 1814 663 1862 abscondere
675 1815 778 1872 tristem,

100 1904 213 1961 extimui,
230 1919 263 1951 nc
275 1919 320 1951 vus
333 1912 420 1966 ageret
432 1904 537 1951 vesania
550 1904 656 1960 discors,

12 2046 17 2054 ,
34 2006 84 2046 175
100 2005 128 2044 tu
139 1993 339 2052 Nomentanum,
354 2000 382 2040 tu
395 2006 427 2039 ne
440 2004 576 2054 sequerere
590 1990 714 2038 Cicutam.

100 2097 179 2146 quare
192 2096 237 2145 per
250 2081 321 2129 divos
336 2089 422 2136 oratus
439 2087 545 2142 uterque
558 2079 668 2142 penatis,

100 2180 201 2220 tueare
215 2184 248 2218 ne
260 2172 369 2228 minuas,
384 2179 411 2218 tu
424 2184 457 2217 ne
469 2168 551 2215 maius
564 2168 643 2215 iacias
656 2167 681 2214 id

101 2262 170 2323 quod
183 2261 243 2308 satis
257 2274 312 2308 esse
325 2266 397 2321 putat
409 2267 483 2320 pater
495 2266 520 2305 et
532 2265 624 2304 natura
638 2262 746 2304 coercet.

100 2357 232 2412 praeterea
244 2363 277 2396 ne
290 2363 334 2395 vos
347 2347 432 2395 titillet
445 2347 537 2408 gloria,
552 2346 607 2393 iure

35 2448 85 2489 180
99 2438 208 2485 iurando
223 2438 381 2499 obstringam
393 2436 485 2483 umbo:
506 2443 563 2482 uter
575 2434 664 2481 aedilis
676 2432 783 2481 fueritve

101 2534 211 2574 vestrum
223 2534 333 2588 praetor,
348 2526 369 2572 is
382 2523 533 2572 intestabilis
547 2531 572 2571 et
584 2537 655 2570 sacer
668 2532 733 2570 esto.

100 2614 128 2661 in
142 2615 223 2663 cicere
235 2624 313 2677 utque
325 2613 386 2661 faba
399 2613 468 2661 bona
479 2620 507 2661 tu
520 2612 664 2674 perdasque
677 2610 780 2673 lupinis.

103 2703 169 2751 latus
182 2703 248 2751 utin
261 2704 328 2751 circo
343 2702 453 2765 spatiere
466 2709 491 2749 et
503 2714 598 2748 aeneus
612 2710 639 2748 ut
650 2709 712 2758 stes,

145 2804 239 2839 liorstins.
256 2805 286 2839 ed.
296 2805 317 2839 ll.
648 2814 676 2853 145
