<?xml version="1.0" encoding="UTF-8"?>
<!DOCTYPE html PUBLIC "-//W3C//DTD XHTML 1.0 Transitional//EN"
    "http://www.w3.org/TR/xhtml1/DTD/xhtml1-transitional.dtd">
<html xmlns="http://www.w3.org/1999/xhtml" xml:lang="en" lang="en">
 <head>
  <title>
</title>
<meta http-equiv="Content-Type" content="text/html;charset=utf-8" />
  <meta name='ocr-system' content='tesseract 3.04.00' />
  <meta name='ocr-capabilities' content='ocr_page ocr_carea ocr_par ocr_line ocrx_word'/>
</head>
<body>
  <div class='ocr_page' id='page_1' title='image "./opera00haupgoog_0363.png"; bbox 0 0 1917 3117; ppageno 0'>
   <div class='ocr_carea' id='block_1_1' title="bbox 389 193 525 232">
    <p class='ocr_par' dir='ltr' id='par_1_1' title="bbox 389 193 525 232">
     <span class='ocr_line' id='line_1_1' title="bbox 389 193 525 232; baseline -0.015 0"><span class='ocrx_word' id='word_1_1' title='bbox 389 193 525 232; x_wconf 65' lang='lat' dir='ltr'><strong>Polluce.</strong></span> 
     </span>
    </p>
   </div>
   <div class='ocr_carea' id='block_1_2' title="bbox 20 349 818 2712">
    <p class='ocr_par' dir='ltr' id='par_1_2' title="bbox 99 349 618 413">
     <span class='ocr_line' id='line_1_2' title="bbox 99 349 618 413; baseline 0 -15"><span class='ocrx_word' id='word_1_2' title='bbox 99 365 147 399; x_wconf 90' lang='lat' dir='ltr'><strong>uec</strong></span> <span class='ocrx_word' id='word_1_3' title='bbox 160 350 196 398; x_wconf 87' lang='lat' dir='ltr'><strong>sic</strong></span> <span class='ocrx_word' id='word_1_4' title='bbox 210 350 292 399; x_wconf 86' lang='lat' dir='ltr'><strong>enitar</strong></span> <span class='ocrx_word' id='word_1_5' title='bbox 303 351 401 413; x_wconf 79' lang='lat' dir='ltr'><strong>tragico</strong></span> <span class='ocrx_word' id='word_1_6' title='bbox 416 349 516 398; x_wconf 82' lang='lat' dir='ltr'><strong>differre</strong></span> <span class='ocrx_word' id='word_1_7' title='bbox 529 351 618 409; x_wconf 89' lang='lat' dir='ltr'><strong>colori,</strong></span> 
     </span>
    </p>

    <p class='ocr_par' dir='ltr' id='par_1_3' title="bbox 20 438 717 678">
     <span class='ocr_line' id='line_1_3' title="bbox 20 438 717 501; baseline -0.004 -12"><span class='ocrx_word' id='word_1_8' title='bbox 20 484 22 489; x_wconf 80' lang='grc'>,</span> <span class='ocrx_word' id='word_1_9' title='bbox 98 446 125 487; x_wconf 91' lang='lat' dir='ltr'><strong>ut</strong></span> <span class='ocrx_word' id='word_1_10' title='bbox 137 439 200 487; x_wconf 88' lang='lat' dir='ltr'>nihil</span> <span class='ocrx_word' id='word_1_11' title='bbox 212 439 313 488; x_wconf 89' lang='lat' dir='ltr'><strong>intersit</strong></span> <span class='ocrx_word' id='word_1_12' title='bbox 324 438 447 487; x_wconf 77' lang='lat' dir='ltr'><strong>Davusne</strong></span> <span class='ocrx_word' id='word_1_13' title='bbox 460 439 581 501; x_wconf 83' lang='lat' dir='ltr'><strong>loquatur</strong></span> <span class='ocrx_word' id='word_1_14' title='bbox 593 446 619 487; x_wconf 88' lang='lat' dir='ltr'><strong>et</strong></span> <span class='ocrx_word' id='word_1_15' title='bbox 631 439 717 486; x_wconf 82' lang='lat' dir='ltr'><strong>audax</strong></span> 
     </span>
     <span class='ocr_line' id='line_1_4' title="bbox 97 525 714 588; baseline 0 -14"><span class='ocrx_word' id='word_1_16' title='bbox 97 526 200 588; x_wconf 77' lang='lat' dir='ltr'><strong>Pythias</strong></span> <span class='ocrx_word' id='word_1_17' title='bbox 214 536 333 577; x_wconf 90' lang='lat' dir='ltr'><strong>emuncto</strong></span> <span class='ocrx_word' id='word_1_18' title='bbox 347 529 446 576; x_wconf 86' lang='lat' dir='ltr'><strong>lucrata</strong></span> <span class='ocrx_word' id='word_1_19' title='bbox 458 525 564 576; x_wconf 79' lang='lat' dir='ltr'>Simone</span> <span class='ocrx_word' id='word_1_20' title='bbox 581 528 714 585; x_wconf 79' lang='lat' dir='ltr'>talentum,</span> 
     </span>
     <span class='ocr_line' id='line_1_5' title="bbox 98 614 697 678; baseline 0 -16"><span class='ocrx_word' id='word_1_21' title='bbox 98 629 132 663; x_wconf 87' lang='lat' dir='ltr'><strong>an</strong></span> <span class='ocrx_word' id='word_1_22' title='bbox 145 623 232 664; x_wconf 88' lang='lat' dir='ltr'><strong>custos</strong></span> <span class='ocrx_word' id='word_1_23' title='bbox 245 617 408 678; x_wconf 86' lang='lat' dir='ltr'><strong>famulusque</strong></span> <span class='ocrx_word' id='word_1_24' title='bbox 421 616 463 663; x_wconf 89' lang='lat' dir='ltr'><strong>dei</strong></span> <span class='ocrx_word' id='word_1_25' title='bbox 476 614 578 664; x_wconf 87' lang='lat' dir='ltr'><strong>Silenus</strong></span> <span class='ocrx_word' id='word_1_26' title='bbox 591 615 697 663; x_wconf 78' lang='lat' dir='ltr'><strong>alumni.</strong></span> 
     </span>
    </p>

    <p class='ocr_par' dir='ltr' id='par_1_4' title="bbox 33 701 766 1115">
     <span class='ocr_line' id='line_1_6' title="bbox 33 701 734 765; baseline -0.004 -12"><span class='ocrx_word' id='word_1_27' title='bbox 33 711 83 753; x_wconf 78' lang='lat'><strong>240</strong></span> <span class='ocrx_word' id='word_1_28' title='bbox 98 717 130 751; x_wconf 87' lang='lat' dir='ltr'><strong>ex</strong></span> <span class='ocrx_word' id='word_1_29' title='bbox 143 710 205 751; x_wconf 92' lang='lat' dir='ltr'><strong>uoto</strong></span> <span class='ocrx_word' id='word_1_30' title='bbox 219 705 306 753; x_wconf 87' lang='lat' dir='ltr'><strong>fictum</strong></span> <span class='ocrx_word' id='word_1_31' title='bbox 319 715 422 752; x_wconf 84' lang='lat' dir='ltr'><strong>carmen</strong></span> <span class='ocrx_word' id='word_1_32' title='bbox 435 717 536 764; x_wconf 89' lang='lat' dir='ltr'><strong>sequar,</strong></span> <span class='ocrx_word' id='word_1_33' title='bbox 552 711 580 751; x_wconf 90' lang='lat' dir='ltr'><strong>ut</strong></span> <span class='ocrx_word' id='word_1_34' title='bbox 592 701 639 750; x_wconf 89' lang='lat' dir='ltr'><strong>sibi</strong></span> <span class='ocrx_word' id='word_1_35' title='bbox 653 703 734 765; x_wconf 83' lang='lat' dir='ltr'><strong>quiris</strong></span> 
     </span>
     <span class='ocr_line' id='line_1_7' title="bbox 98 791 749 854; baseline -0.002 -14"><span class='ocrx_word' id='word_1_36' title='bbox 98 798 182 854; x_wconf 82' lang='lat' dir='ltr'>speret</span> <span class='ocrx_word' id='word_1_37' title='bbox 193 791 270 851; x_wconf 88' lang='lat' dir='ltr'><strong>idem,</strong></span> <span class='ocrx_word' id='word_1_38' title='bbox 286 792 360 840; x_wconf 89' lang='lat' dir='ltr'><strong>sudet</strong></span> <span class='ocrx_word' id='word_1_39' title='bbox 371 792 478 839; x_wconf 87' lang='lat' dir='ltr'><strong>multum</strong></span> <span class='ocrx_word' id='word_1_40' title='bbox 491 791 636 853; x_wconf 75' lang='lat' dir='ltr'><strong>frustraque</strong></span> <span class='ocrx_word' id='word_1_41' title='bbox 648 791 749 839; x_wconf 85' lang='lat' dir='ltr'><strong>laboret</strong></span> 
     </span>
     <span class='ocr_line' id='line_1_8' title="bbox 98 879 766 942; baseline 0.003 -16"><span class='ocrx_word' id='word_1_42' title='bbox 98 893 175 928; x_wconf 88' lang='lat' dir='ltr'><strong>ausus</strong></span> <span class='ocrx_word' id='word_1_43' title='bbox 187 879 270 928; x_wconf 85' lang='lat' dir='ltr'><strong>idem:</strong></span> <span class='ocrx_word' id='word_1_44' title='bbox 291 887 391 927; x_wconf 88' lang='lat' dir='ltr'><strong>tantum</strong></span> <span class='ocrx_word' id='word_1_45' title='bbox 404 880 481 927; x_wconf 89' lang='lat' dir='ltr'><strong>series</strong></span> <span class='ocrx_word' id='word_1_46' title='bbox 494 879 663 941; x_wconf 82' lang='lat' dir='ltr'><strong>iuncturaque</strong></span> <span class='ocrx_word' id='word_1_47' title='bbox 676 880 766 942; x_wconf 88' lang='lat' dir='ltr'><strong>pollet,</strong></span> 
     </span>
     <span class='ocr_line' id='line_1_9' title="bbox 98 966 699 1030; baseline -0.003 -14"><span class='ocrx_word' id='word_1_48' title='bbox 98 976 197 1016; x_wconf 87' lang='lat' dir='ltr'><strong>tautum</strong></span> <span class='ocrx_word' id='word_1_49' title='bbox 211 968 339 1016; x_wconf 90' lang='lat' dir='ltr'><strong>demedio</strong></span> <span class='ocrx_word' id='word_1_50' title='bbox 352 967 459 1030; x_wconf 83' lang='lat' dir='ltr'><strong>sumptis</strong></span> <span class='ocrx_word' id='word_1_51' title='bbox 472 967 573 1015; x_wconf 88' lang='lat' dir='ltr'><strong>accedit</strong></span> <span class='ocrx_word' id='word_1_52' title='bbox 584 966 699 1014; x_wconf 89' lang='lat' dir='ltr'><strong>honoris.</strong></span> 
     </span>
     <span class='ocr_line' id='line_1_10' title="bbox 98 1055 658 1115; baseline -0.004 -11"><span class='ocrx_word' id='word_1_53' title='bbox 98 1056 166 1104; x_wconf 85' lang='lat' dir='ltr'><strong>silvis</strong></span> <span class='ocrx_word' id='word_1_54' title='bbox 180 1055 282 1105; x_wconf 90' lang='lat' dir='ltr'><strong>deducti</strong></span> <span class='ocrx_word' id='word_1_55' title='bbox 294 1062 411 1115; x_wconf 88' lang='lat' dir='ltr'><strong>caveant,</strong></span> <span class='ocrx_word' id='word_1_56' title='bbox 426 1055 571 1115; x_wconf 71' lang='lat' dir='ltr'><strong>meinaim,</strong></span> <span class='ocrx_word' id='word_1_57' title='bbox 587 1055 658 1103; x_wconf 80' lang='lat' dir='ltr'><strong>fauni</strong></span> 
     </span>
    </p>

    <p class='ocr_par' dir='ltr' id='par_1_5' title="bbox 30 1143 818 1563">
     <span class='ocr_line' id='line_1_11' title="bbox 30 1143 664 1208; baseline -0.002 -14"><span class='ocrx_word' id='word_1_58' title='bbox 30 1154 83 1194; x_wconf 72' lang='lat'><strong>245</strong></span> <span class='ocrx_word' id='word_1_59' title='bbox 99 1158 132 1192; x_wconf 92' lang='lat' dir='ltr'><strong>ne</strong></span> <span class='ocrx_word' id='word_1_60' title='bbox 143 1146 212 1193; x_wconf 88' lang='lat' dir='ltr'><strong>velut</strong></span> <span class='ocrx_word' id='word_1_61' title='bbox 223 1144 304 1193; x_wconf 87' lang='lat' dir='ltr'><strong>innati</strong></span> <span class='ocrx_word' id='word_1_62' title='bbox 316 1144 394 1192; x_wconf 84' lang='lat' dir='ltr'>triviis</span> <span class='ocrx_word' id='word_1_63' title='bbox 408 1159 438 1192; x_wconf 88' lang='lat' dir='ltr'><strong>ae</strong></span> <span class='ocrx_word' id='word_1_64' title='bbox 452 1158 535 1208; x_wconf 88' lang='lat' dir='ltr'><strong>paene</strong></span> <span class='ocrx_word' id='word_1_65' title='bbox 547 1143 664 1193; x_wconf 78' lang='lat' dir='ltr'>forenses</span> 
     </span>
     <span class='ocr_line' id='line_1_12' title="bbox 98 1232 803 1295; baseline -0.001 -15"><span class='ocrx_word' id='word_1_66' title='bbox 98 1240 142 1281; x_wconf 84' lang='lat' dir='ltr'><strong>aut</strong></span> <span class='ocrx_word' id='word_1_67' title='bbox 154 1233 261 1281; x_wconf 90' lang='lat' dir='ltr'><strong>nimium</strong></span> <span class='ocrx_word' id='word_1_68' title='bbox 273 1233 367 1282; x_wconf 88' lang='lat' dir='ltr'><strong>teneris</strong></span> <span class='ocrx_word' id='word_1_69' title='bbox 380 1234 531 1281; x_wconf 86' lang='lat' dir='ltr'><strong>iuvenentur</strong></span> <span class='ocrx_word' id='word_1_70' title='bbox 546 1232 660 1281; x_wconf 87' lang='lat' dir='ltr'><strong>versibus</strong></span> <span class='ocrx_word' id='word_1_71' title='bbox 672 1246 803 1295; x_wconf 85' lang='lat' dir='ltr'><strong>umquam,</strong></span> 
     </span>
     <span class='ocr_line' id='line_1_13' title="bbox 98 1320 725 1385; baseline 0.002 -17"><span class='ocrx_word' id='word_1_72' title='bbox 98 1328 142 1369; x_wconf 87' lang='lat' dir='ltr'><strong>aut</strong></span> <span class='ocrx_word' id='word_1_73' title='bbox 152 1321 277 1369; x_wconf 86' lang='lat' dir='ltr'><strong>inmunda</strong></span> <span class='ocrx_word' id='word_1_74' title='bbox 290 1329 395 1385; x_wconf 84' lang='lat' dir='ltr'><strong>crepent</strong></span> <span class='ocrx_word' id='word_1_75' title='bbox 406 1320 631 1384; x_wconf 85' lang='lat' dir='ltr'><strong>ignominiosaque</strong></span> <span class='ocrx_word' id='word_1_76' title='bbox 644 1321 725 1369; x_wconf 85' lang='lat' dir='ltr'><strong>dicta:</strong></span> 
     </span>
     <span class='ocr_line' id='line_1_14' title="bbox 98 1408 818 1474; baseline -0.001 -17"><span class='ocrx_word' id='word_1_77' title='bbox 98 1408 261 1460; x_wconf 84' lang='lat' dir='ltr'><strong>offenduntur</strong></span> <span class='ocrx_word' id='word_1_78' title='bbox 273 1411 341 1460; x_wconf 87' lang='lat' dir='ltr'><strong>euim</strong></span> <span class='ocrx_word' id='word_1_79' title='bbox 355 1412 446 1474; x_wconf 90' lang='lat' dir='ltr'><strong>quibus</strong></span> <span class='ocrx_word' id='word_1_80' title='bbox 459 1419 499 1459; x_wconf 89' lang='lat' dir='ltr'><strong>est</strong></span> <span class='ocrx_word' id='word_1_81' title='bbox 512 1424 592 1473; x_wconf 88' lang='lat' dir='ltr'><strong>equus</strong></span> <span class='ocrx_word' id='word_1_82' title='bbox 606 1418 631 1458; x_wconf 88' lang='lat' dir='ltr'><strong>et</strong></span> <span class='ocrx_word' id='word_1_83' title='bbox 643 1418 716 1473; x_wconf 85' lang='lat' dir='ltr'><strong>pater</strong></span> <span class='ocrx_word' id='word_1_84' title='bbox 728 1416 754 1458; x_wconf 89' lang='lat' dir='ltr'><strong>et</strong></span> <span class='ocrx_word' id='word_1_85' title='bbox 765 1423 818 1469; x_wconf 82' lang='lat' dir='ltr'><strong>res,</strong></span> 
     </span>
     <span class='ocr_line' id='line_1_15' title="bbox 98 1499 785 1563; baseline 0.001 -18"><span class='ocrx_word' id='word_1_86' title='bbox 98 1512 155 1558; x_wconf 90' lang='lat' dir='ltr'><strong>nec,</strong></span> <span class='ocrx_word' id='word_1_87' title='bbox 171 1499 252 1562; x_wconf 80' lang='lat' dir='ltr'><strong>siquid</strong></span> <span class='ocrx_word' id='word_1_88' title='bbox 266 1500 332 1549; x_wconf 85' lang='lat' dir='ltr'><strong>fricti</strong></span> <span class='ocrx_word' id='word_1_89' title='bbox 345 1500 434 1550; x_wconf 87' lang='lat' dir='ltr'><strong>ciceris</strong></span> <span class='ocrx_word' id='word_1_90' title='bbox 448 1501 542 1563; x_wconf 87' lang='lat' dir='ltr'><strong>probat</strong></span> <span class='ocrx_word' id='word_1_91' title='bbox 554 1506 580 1548; x_wconf 88' lang='lat' dir='ltr'><strong>et</strong></span> <span class='ocrx_word' id='word_1_92' title='bbox 591 1501 664 1548; x_wconf 89' lang='lat' dir='ltr'><strong>nucis</strong></span> <span class='ocrx_word' id='word_1_93' title='bbox 677 1506 785 1563; x_wconf 83' lang='lat' dir='ltr'><strong>emptor,</strong></span> 
     </span>
    </p>

    <p class='ocr_par' dir='ltr' id='par_1_6' title="bbox 33 1587 794 1909">
     <span class='ocr_line' id='line_1_16' title="bbox 33 1587 695 1651; baseline 0 -16"><span class='ocrx_word' id='word_1_94' title='bbox 33 1595 85 1636; x_wconf 78' lang='lat'><strong>250</strong></span> <span class='ocrx_word' id='word_1_95' title='bbox 102 1587 189 1649; x_wconf 78' lang='lat' dir='ltr'><strong>aequis</strong></span> <span class='ocrx_word' id='word_1_96' title='bbox 202 1588 331 1651; x_wconf 86' lang='lat' dir='ltr'><strong>accipiunt</strong></span> <span class='ocrx_word' id='word_1_97' title='bbox 343 1589 433 1637; x_wconf 89' lang='lat' dir='ltr'><strong>animis</strong></span> <span class='ocrx_word' id='word_1_98' title='bbox 448 1590 577 1637; x_wconf 88' lang='lat' dir='ltr'><strong>donantve</strong></span> <span class='ocrx_word' id='word_1_99' title='bbox 590 1603 695 1637; x_wconf 86' lang='lat' dir='ltr'><strong>corona.</strong></span> 
     </span>
     <span class='ocr_line' id='line_1_17' title="bbox 98 1674 737 1737; baseline 0.005 -16"><span class='ocrx_word' id='word_1_100' title='bbox 98 1675 199 1736; x_wconf 80' lang='lat' dir='ltr'><strong>syllaba</strong></span> <span class='ocrx_word' id='word_1_101' title='bbox 210 1674 290 1737; x_wconf 83' lang='lat' dir='ltr'><strong>longa</strong></span> <span class='ocrx_word' id='word_1_102' title='bbox 303 1677 373 1725; x_wconf 90' lang='lat' dir='ltr'><strong>brevi</strong></span> <span class='ocrx_word' id='word_1_103' title='bbox 386 1677 501 1726; x_wconf 86' lang='lat' dir='ltr'><strong>subiecta</strong></span> <span class='ocrx_word' id='word_1_104' title='bbox 512 1685 617 1725; x_wconf 81' lang='lat' dir='ltr'><strong>vocatur</strong></span> <span class='ocrx_word' id='word_1_105' title='bbox 629 1678 737 1736; x_wconf 84' lang='lat' dir='ltr'><strong>iambus,</strong></span> 
     </span>
     <span class='ocr_line' id='line_1_18' title="bbox 97 1762 794 1825; baseline 0.003 -15"><span class='ocrx_word' id='word_1_106' title='bbox 97 1776 143 1825; x_wconf 88' lang='lat' dir='ltr'><strong>pes</strong></span> <span class='ocrx_word' id='word_1_107' title='bbox 156 1762 235 1821; x_wconf 84' lang='lat' dir='ltr'><strong>citus3</strong></span> <span class='ocrx_word' id='word_1_108' title='bbox 256 1762 325 1811; x_wconf 89' lang='lat' dir='ltr'><strong>unde</strong></span> <span class='ocrx_word' id='word_1_109' title='bbox 342 1764 419 1811; x_wconf 86' lang='lat' dir='ltr'><strong>etiam</strong></span> <span class='ocrx_word' id='word_1_110' title='bbox 431 1765 551 1813; x_wconf 79' lang='lat' dir='ltr'><strong>trimetris</strong></span> <span class='ocrx_word' id='word_1_111' title='bbox 564 1779 709 1814; x_wconf 87' lang='lat' dir='ltr'><strong>accrescere</strong></span> <span class='ocrx_word' id='word_1_112' title='bbox 720 1765 794 1813; x_wconf 89' lang='lat' dir='ltr'><strong>iussit</strong></span> 
     </span>
     <span class='ocr_line' id='line_1_19' title="bbox 97 1850 692 1909; baseline 0.003 -12"><span class='ocrx_word' id='word_1_113' title='bbox 97 1863 193 1898; x_wconf 88' lang='lat' dir='ltr'><strong>nomen</strong></span> <span class='ocrx_word' id='word_1_114' title='bbox 205 1850 321 1909; x_wconf 84' lang='lat' dir='ltr'><strong>iambeis,</strong></span> <span class='ocrx_word' id='word_1_115' title='bbox 337 1865 395 1899; x_wconf 93' lang='lat' dir='ltr'><strong>cum</strong></span> <span class='ocrx_word' id='word_1_116' title='bbox 408 1865 486 1900; x_wconf 87' lang='lat' dir='ltr'><strong>senos</strong></span> <span class='ocrx_word' id='word_1_117' title='bbox 498 1853 616 1901; x_wconf 87' lang='lat' dir='ltr'><strong>redderet</strong></span> <span class='ocrx_word' id='word_1_118' title='bbox 627 1854 692 1900; x_wconf 89' lang='lat' dir='ltr'><strong>ictus</strong></span> 
     </span>
    </p>

    <p class='ocr_par' dir='ltr' id='par_1_7' title="bbox 98 1938 818 2004">
     <span class='ocr_line' id='line_1_20' title="bbox 98 1938 818 2004; baseline 0.001 -17"><span class='ocrx_word' id='word_1_119' title='bbox 98 1938 193 2001; x_wconf 83' lang='lat' dir='ltr'><strong>primus</strong></span> <span class='ocrx_word' id='word_1_120' title='bbox 207 1938 240 1986; x_wconf 87' lang='lat' dir='ltr'><strong>ad</strong></span> <span class='ocrx_word' id='word_1_121' title='bbox 254 1947 395 1987; x_wconf 84' lang='lat' dir='ltr'><strong>extremum</strong></span> <span class='ocrx_word' id='word_1_122' title='bbox 407 1940 497 1988; x_wconf 88' lang='lat' dir='ltr'><strong>similis</strong></span> <span class='ocrx_word' id='word_1_123' title='bbox 510 1940 573 1988; x_wconf 88' lang='lat' dir='ltr'><strong>sibi:</strong></span> <span class='ocrx_word' id='word_1_124' title='bbox 595 1954 649 1989; x_wconf 88' lang='lat' dir='ltr'><strong>non</strong></span> <span class='ocrx_word' id='word_1_125' title='bbox 661 1940 697 1989; x_wconf 82' lang='lat' dir='ltr'><strong>ita</strong></span> <span class='ocrx_word' id='word_1_126' title='bbox 708 1941 818 2004; x_wconf 81' lang='lat' dir='ltr'><strong>pridem,</strong></span> 
     </span>
    </p>

    <p class='ocr_par' dir='ltr' id='par_1_8' title="bbox 25 2027 746 2091">
     <span class='ocr_line' id='line_1_21' title="bbox 25 2027 746 2091; baseline -0.001 -13"><span class='ocrx_word' id='word_1_127' title='bbox 25 2037 81 2079; x_wconf 76' lang='lat'><strong>255</strong></span> <span class='ocrx_word' id='word_1_128' title='bbox 97 2027 193 2076; x_wconf 85' lang='lat' dir='ltr'><strong>tardior</strong></span> <span class='ocrx_word' id='word_1_129' title='bbox 205 2035 233 2075; x_wconf 93' lang='lat' dir='ltr'><strong>ut</strong></span> <span class='ocrx_word' id='word_1_130' title='bbox 245 2028 334 2091; x_wconf 89' lang='lat' dir='ltr'><strong>paullo</strong></span> <span class='ocrx_word' id='word_1_131' title='bbox 348 2028 499 2091; x_wconf 81' lang='lat' dir='ltr'><strong>graviorque</strong></span> <span class='ocrx_word' id='word_1_132' title='bbox 513 2029 610 2078; x_wconf 82' lang='lat' dir='ltr'><strong>veniret</strong></span> <span class='ocrx_word' id='word_1_133' title='bbox 622 2029 655 2077; x_wconf 92' lang='lat' dir='ltr'><strong>ad</strong></span> <span class='ocrx_word' id='word_1_134' title='bbox 668 2029 746 2089; x_wconf 87' lang='lat' dir='ltr'><strong>auris,</strong></span> 
     </span>
    </p>

    <p class='ocr_par' dir='ltr' id='par_1_9' title="bbox 96 2116 765 2445">
     <span class='ocr_line' id='line_1_22' title="bbox 97 2116 673 2180; baseline 0.003 -17"><span class='ocrx_word' id='word_1_135' title='bbox 97 2116 227 2178; x_wconf 88' lang='lat' dir='ltr'><strong>spondeos</strong></span> <span class='ocrx_word' id='word_1_136' title='bbox 239 2116 337 2164; x_wconf 83' lang='lat' dir='ltr'><strong>stabilis</strong></span> <span class='ocrx_word' id='word_1_137' title='bbox 348 2117 376 2163; x_wconf 92' lang='lat' dir='ltr'><strong>in</strong></span> <span class='ocrx_word' id='word_1_138' title='bbox 388 2118 444 2164; x_wconf 87' lang='lat' dir='ltr'><strong>iura</strong></span> <span class='ocrx_word' id='word_1_139' title='bbox 456 2126 564 2179; x_wconf 86' lang='lat' dir='ltr'><strong>patema</strong></span> <span class='ocrx_word' id='word_1_140' title='bbox 576 2117 673 2180; x_wconf 87' lang='lat' dir='ltr'><strong>recepit</strong></span> 
     </span>
     <span class='ocr_line' id='line_1_23' title="bbox 97 2205 765 2267; baseline 0.001 -16"><span class='ocrx_word' id='word_1_141' title='bbox 97 2205 247 2252; x_wconf 90' lang='lat' dir='ltr'><strong>commodus</strong></span> <span class='ocrx_word' id='word_1_142' title='bbox 261 2212 286 2253; x_wconf 86' lang='lat' dir='ltr'><strong>ct</strong></span> <span class='ocrx_word' id='word_1_143' title='bbox 298 2205 408 2267; x_wconf 87' lang='lat' dir='ltr'><strong>patiens,</strong></span> <span class='ocrx_word' id='word_1_144' title='bbox 423 2219 477 2253; x_wconf 89' lang='lat' dir='ltr'><strong>uon</strong></span> <span class='ocrx_word' id='word_1_145' title='bbox 491 2213 519 2254; x_wconf 87' lang='lat' dir='ltr'><strong>ut</strong></span> <span class='ocrx_word' id='word_1_146' title='bbox 532 2206 563 2254; x_wconf 88' lang='lat' dir='ltr'><strong>de</strong></span> <span class='ocrx_word' id='word_1_147' title='bbox 576 2205 637 2254; x_wconf 86' lang='lat' dir='ltr'><strong>sede</strong></span> <span class='ocrx_word' id='word_1_148' title='bbox 650 2206 765 2253; x_wconf 89' lang='lat' dir='ltr'><strong>secunda</strong></span> 
     </span>
     <span class='ocr_line' id='line_1_24' title="bbox 97 2292 739 2355; baseline 0.002 -15"><span class='ocrx_word' id='word_1_149' title='bbox 97 2292 201 2341; x_wconf 84' lang='lat' dir='ltr'><strong>eederet</strong></span> <span class='ocrx_word' id='word_1_150' title='bbox 213 2301 257 2341; x_wconf 88' lang='lat' dir='ltr'><strong>aut</strong></span> <span class='ocrx_word' id='word_1_151' title='bbox 270 2301 361 2355; x_wconf 86' lang='lat' dir='ltr'><strong>quarta</strong></span> <span class='ocrx_word' id='word_1_152' title='bbox 378 2293 517 2343; x_wconf 87' lang='lat' dir='ltr'><strong>socialiter.</strong></span> <span class='ocrx_word' id='word_1_153' title='bbox 544 2294 586 2342; x_wconf 87' lang='lat' dir='ltr'><strong>hio</strong></span> <span class='ocrx_word' id='word_1_154' title='bbox 599 2301 624 2343; x_wconf 85' lang='lat' dir='ltr'><strong>et</strong></span> <span class='ocrx_word' id='word_1_155' title='bbox 635 2295 663 2343; x_wconf 90' lang='lat' dir='ltr'><strong>in</strong></span> <span class='ocrx_word' id='word_1_156' title='bbox 675 2294 739 2343; x_wconf 88' lang='lat' dir='ltr'><strong>Acci</strong></span> 
     </span>
     <span class='ocr_line' id='line_1_25' title="bbox 96 2381 692 2445; baseline 0.007 -18"><span class='ocrx_word' id='word_1_157' title='bbox 96 2381 227 2429; x_wconf 84' lang='lat' dir='ltr'><strong>nobilibus</strong></span> <span class='ocrx_word' id='word_1_158' title='bbox 239 2382 359 2431; x_wconf 84' lang='lat' dir='ltr'><strong>trimetris</strong></span> <span class='ocrx_word' id='word_1_159' title='bbox 372 2390 479 2445; x_wconf 88' lang='lat' dir='ltr'><strong>apparet</strong></span> <span class='ocrx_word' id='word_1_160' title='bbox 491 2397 571 2442; x_wconf 88' lang='lat' dir='ltr'><strong>rarus,</strong></span> <span class='ocrx_word' id='word_1_161' title='bbox 588 2390 613 2431; x_wconf 85' lang='lat' dir='ltr'><strong>et</strong></span> <span class='ocrx_word' id='word_1_162' title='bbox 624 2383 692 2431; x_wconf 83' lang='lat' dir='ltr'><strong>Enni</strong></span> 
     </span>
    </p>

    <p class='ocr_par' dir='ltr' id='par_1_10' title="bbox 23 2468 771 2535">
     <span class='ocr_line' id='line_1_26' title="bbox 23 2468 771 2535; baseline -0.004 -14"><span class='ocrx_word' id='word_1_163' title='bbox 23 2476 81 2521; x_wconf 77' lang='lat'><strong>26⁰</strong></span> <span class='ocrx_word' id='word_1_164' title='bbox 96 2468 125 2516; x_wconf 89' lang='lat' dir='ltr'><strong>in</strong></span> <span class='ocrx_word' id='word_1_165' title='bbox 138 2483 259 2519; x_wconf 77' lang='lat' dir='ltr'><strong>scaenam</strong></span> <span class='ocrx_word' id='word_1_166' title='bbox 271 2471 362 2519; x_wconf 86' lang='lat' dir='ltr'><strong>missos</strong></span> <span class='ocrx_word' id='word_1_167' title='bbox 376 2485 434 2518; x_wconf 90' lang='lat' dir='ltr'><strong>cum</strong></span> <span class='ocrx_word' id='word_1_168' title='bbox 446 2486 541 2535; x_wconf 79' lang='lat' dir='ltr'><strong>magno</strong></span> <span class='ocrx_word' id='word_1_169' title='bbox 554 2471 671 2534; x_wconf 89' lang='lat' dir='ltr'><strong>pondere</strong></span> <span class='ocrx_word' id='word_1_170' title='bbox 682 2486 771 2520; x_wconf 80' lang='lat' dir='ltr'><strong>versus</strong></span> 
     </span>
    </p>

    <p class='ocr_par' dir='ltr' id='par_1_11' title="bbox 97 2558 717 2712">
     <span class='ocr_line' id='line_1_27' title="bbox 97 2558 717 2622; baseline 0.01 -18"><span class='ocrx_word' id='word_1_171' title='bbox 97 2564 142 2605; x_wconf 86' lang='lat' dir='ltr'><strong>aut</strong></span> <span class='ocrx_word' id='word_1_172' title='bbox 154 2572 249 2621; x_wconf 88' lang='lat' dir='ltr'><strong>operae</strong></span> <span class='ocrx_word' id='word_1_173' title='bbox 262 2558 351 2607; x_wconf 84' lang='lat' dir='ltr'><strong>celeris</strong></span> <span class='ocrx_word' id='word_1_174' title='bbox 364 2559 471 2607; x_wconf 87' lang='lat' dir='ltr'><strong>nimium</strong></span> <span class='ocrx_word' id='word_1_175' title='bbox 484 2573 595 2622; x_wconf 88' lang='lat' dir='ltr'><strong>curaque</strong></span> <span class='ocrx_word' id='word_1_176' title='bbox 608 2561 717 2610; x_wconf 86' lang='lat' dir='ltr'><strong>carentis</strong></span> 
     </span>
     <span class='ocr_line' id='line_1_28' title="bbox 97 2645 672 2712; baseline 0.009 -20"><span class='ocrx_word' id='word_1_177' title='bbox 97 2652 142 2694; x_wconf 87' lang='lat' dir='ltr'><strong>aut</strong></span> <span class='ocrx_word' id='word_1_178' title='bbox 153 2645 287 2708; x_wconf 83' lang='lat' dir='ltr'><strong>ignoratae</strong></span> <span class='ocrx_word' id='word_1_179' title='bbox 299 2648 392 2710; x_wconf 85' lang='lat' dir='ltr'><strong>premit</strong></span> <span class='ocrx_word' id='word_1_180' title='bbox 403 2649 464 2698; x_wconf 83' lang='lat' dir='ltr'><strong>artis</strong></span> <span class='ocrx_word' id='word_1_181' title='bbox 478 2648 583 2696; x_wconf 74' lang='lat' dir='ltr'><strong>crinnue</strong></span> <span class='ocrx_word' id='word_1_182' title='bbox 596 2649 672 2712; x_wconf 89' lang='lat' dir='ltr'><strong>turpi.</strong></span> 
     </span>
    </p>
   </div>
   <div class='ocr_carea' id='block_1_3' title="bbox 627 2757 675 2804">
    <p class='ocr_par' dir='ltr' id='par_1_12' title="bbox 627 2757 675 2804">
     <span class='ocr_line' id='line_1_29' title="bbox 627 2757 675 2804; baseline -0.021 0"><span class='ocrx_word' id='word_1_183' title='bbox 627 2757 675 2804; x_wconf 60' lang='lat'><strong>22⁰</strong></span> 
     </span>
    </p>
   </div>
   <div class='ocr_carea' id='block_1_4' title="bbox 0 0 964 3117">
    <p class='ocr_par' dir='ltr' id='par_1_13' title="bbox 0 0 964 3117">
     <span class='ocr_line' id='line_1_30' title="bbox 0 0 964 3117; baseline 0 8"><span class='ocrx_word' id='word_1_184' title='bbox 0 0 964 3117; x_wconf 95' lang='lat' dir='ltr'><strong> </strong></span> 
     </span>
    </p>
   </div>
  </div>
 </body>
</html>
