1917 3117
125 202 176 252 154
333 205 457 244 chaman
473 205 661 244 SAECULARE.

124 363 165 410 cui
177 378 223 425 per
235 364 366 412 ardentem
379 365 435 412 sine
447 363 538 411 fraude
550 363 655 411 Troiam

124 457 207 499 castris
220 454 323 500 Aeneas
337 452 435 515 patriae
447 460 576 515 superstes

122 541 231 589 liberum
243 541 348 589 munivit
358 541 407 589 iter
420 540 525 589 daturus

123 630 198 693 plura
209 630 319 679 relictis:

72 781 103 821 lt
124 773 158 832 di,
174 773 270 835 probos
282 785 368 820 mores
381 771 471 820 docilis
484 772 611 832 iuventae,

124 862 158 920 di,
174 862 312 909 senectutis
325 859 442 923 placidae
455 862 567 924 quietem

123 949 248 999 Romulae
261 950 331 1012 genti
345 950 403 997 date
415 965 520 1013 remque
532 951 681 1013 prolemque

124 1047 150 1088 ot
162 1038 239 1088 decus
253 1053 345 1099 omne3

124 1196 243 1245 quaeque
254 1195 299 1229 vos
312 1182 394 1230 bobus
407 1189 542 1231 veneratur
553 1180 618 1230 albis

72 1280 103 1322 50
123 1271 206 1319 clarus
219 1270 350 1319 Anchisae
361 1269 522 1333 Venerisque
534 1269 649 1331 sanguis,

124 1359 240 1422 inponet,
256 1359 369 1407 bellante
382 1359 459 1422 prior,
479 1359 607 1408 iacentem

124 1449 190 1497 lenis
203 1448 229 1496 in
246 1448 355 1496 hostem.

123 1591 175 1639 iam
187 1591 251 1640 mari
263 1598 382 1653 terraque
395 1606 485 1639 manus
499 1590 611 1654 potentis

123 1681 214 1728 Medus
225 1680 394 1742 Albanasque
406 1680 477 1729 timet
488 1678 599 1737 securis3

74 1778 103 1817 55
123 1769 175 1817 iam
188 1766 299 1831 Scythae
311 1783 437 1832 responsa
449 1776 548 1832 petunt,
564 1766 668 1830 superbi

124 1872 214 1921 nuper,
230 1866 256 1906 et
267 1857 334 1906 ludi.

122 1999 174 2049 iarn
186 1999 262 2048 Fides
275 2007 301 2048 et
313 2000 369 2047 Pax
381 2006 406 2048 ct
418 1999 510 2047 Honos
523 1999 661 2062 Pudorque

123 2090 221 2152 priscus
234 2096 259 2137 et
272 2089 389 2151 neglecta
400 2088 484 2137 redire
497 2089 583 2137 Virtus

123 2178 208 2238 audet,
225 2179 381 2241 adparetque
393 2179 467 2227 beata
479 2177 558 2240 pleno

72 2275 103 2316 dt
124 2266 207 2330 Copia
219 2281 309 2315 cornu.

123 2424 206 2472 augur
217 2418 242 2458 et
254 2408 370 2472 fulgente
387 2408 494 2457 decorus
508 2422 570 2456 arcu
637 2447 639 2449 .

124 2498 244 2547 Phoebus
256 2505 428 2561 acceptusque
441 2512 534 2546 novem
546 2496 667 2555 camenis,

125 2586 168 2648 qui
182 2587 286 2634 salutari
298 2587 365 2635 levat
378 2594 432 2635 arte
444 2586 528 2635 sessos

125 2674 240 2737 corporis
253 2683 332 2735 artus,
