1917 3117
131 134 182 183 224
406 136 579 175 SATIRARUM

129 295 268 364 ingenium,
285 293 369 356 capsis
382 307 458 355 quem
470 293 540 339 sama
552 299 592 341 est
605 306 661 340 esse
673 292 800 354 librisque

130 384 275 430 ambustum
287 382 407 444 propriis.
434 381 511 429 fuerit
523 381 645 440 Lucilius,
660 381 776 443 inquam,

84 479 115 521 65
130 472 210 520 comis
224 479 249 518 et
260 472 383 528 urbanus,
398 470 475 517 fuerit
487 470 599 517 limatior
610 470 680 517 idem

131 574 208 622 quam
220 559 290 607 rudis
303 567 329 607 et
342 558 447 607 Graecis
459 558 549 605 intacti
561 558 680 605 carminis
692 567 785 607 auctor

130 661 258 710 quamque
271 653 404 709 poetarum
416 646 547 693 saniorum
558 647 647 694 turba:
663 646 707 695 sed
719 647 774 705 ille,

131 736 152 783 si
166 736 233 785 foret
246 737 294 783 hoc
308 743 424 781 nostrum
437 733 492 781 fato
505 735 598 782 dilatus
612 735 638 781 in
651 749 751 794 aevum,

130 826 255 873 detereret
267 823 315 871 sibi
325 823 414 880 multa,
430 823 554 871 recideret
568 838 644 871 omne
658 822 728 885 quod
740 823 811 871 ultra

83 922 115 963 70
130 913 269 977 perfectum
280 911 431 968 traheretur,
447 919 473 958 et
484 911 511 958 in
525 925 600 959 versu
612 911 734 960 faciendo

130 1016 208 1064 saepe
221 1008 298 1063 capnt
310 1000 433 1057 scaberet,
448 1000 518 1047 vivos
531 1008 556 1048 et
568 1001 671 1048 roderet
683 1001 787 1061 unguis.
814 1019 818 1046 t

130 1105 208 1154 saepe
221 1089 306 1137 stilum
317 1096 412 1147 vertas,
426 1089 519 1136 iterum
532 1102 598 1150 quae
611 1088 690 1150 digna
702 1088 754 1150 legi
767 1090 824 1138 sint

130 1179 278 1240 scripturus,
293 1191 377 1239 neque
389 1185 414 1224 te
426 1185 454 1224 nt
466 1177 571 1224 miremr
582 1177 657 1237 turba
670 1177 783 1235 labores,

130 1275 266 1316 contentus
280 1266 367 1327 paucis
381 1265 529 1313 lectoribus.
551 1279 585 1311 an
597 1272 641 1312 tua
653 1264 758 1313 demens

86 1364 116 1404 ta
131 1355 223 1403 vilibus
235 1354 263 1400 in
276 1354 343 1401 ludis
356 1353 445 1401 dictari
459 1353 573 1400 carmina
584 1353 677 1400 malis?

129 1457 182 1491 non
197 1455 261 1503 ego:
280 1456 341 1489 nam
353 1442 413 1489 satis
427 1449 465 1489 est
479 1441 591 1503 equitem
603 1442 665 1489 mihi
679 1442 821 1504 plaudere,
847 1454 878 1494 ut

489 1529 576 1576 audax

130 1618 281 1681 contemptis
294 1618 351 1666 aliis
364 1618 472 1680 explosa
484 1617 631 1665 Arbuscula
643 1617 717 1666 dixit.

128 1722 188 1756 men
201 1716 302 1755 moveat
314 1707 397 1756 cimex
409 1706 544 1764 Pantilius,
559 1715 603 1753 aut
623 1705 717 1754 cruciet
730 1707 800 1767 quod

129 1797 230 1845 vellicet
242 1797 374 1844 absentem
387 1793 540 1852 Demetrius,
559 1802 604 1840 aut
616 1794 685 1855 quod
698 1794 802 1856 ineptus

83 1892 114 1933 80
129 1884 241 1932 Fannius
254 1883 425 1945 Hermogenis
439 1881 525 1930 laedat
538 1881 646 1928 conviva
658 1881 771 1942 Tigelli?

128 1973 235 2031 Plotius,
251 1981 278 2020 et
288 1972 390 2030 Varius,
404 1972 551 2028 Maecenas,
568 1969 757 2032 Vergiliusque,

129 2060 247 2122 Valgius,
263 2068 288 2108 et
301 2062 392 2123 probet
404 2060 466 2107 haec
480 2058 602 2106 Octavius
615 2059 727 2120 optimus
739 2068 822 2122 atque

129 2149 234 2206 Fuscus,
250 2156 275 2197 et
287 2149 350 2197 haec
363 2149 463 2196 utinam
475 2147 612 2194 Viscorum
624 2147 711 2195 laudet
724 2155 848 2211 uterque.

129 2237 269 2286 ambitione
281 2237 396 2298 relegata
407 2245 433 2284 te
445 2235 529 2283 dicere
541 2249 655 2297 possum,

84 2333 114 2373 et
129 2326 212 2383 Polio,
227 2334 262 2382 te,
276 2324 410 2382 Messalla,
424 2331 468 2371 tuo
482 2323 640 2380 cumfratre,
655 2323 783 2386 simulque

130 2427 183 2472 vos,
199 2413 292 2461 Bibule
303 2420 330 2460 et
340 2410 421 2470 Servi,
435 2411 510 2458 simul
523 2411 563 2458 his
580 2418 614 2469 te,
630 2411 739 2460 candide
752 2414 847 2475 Furni,

129 2501 260 2563 conpluris
274 2501 348 2558 alios,
365 2500 455 2547 doctos
469 2513 517 2560 ego
531 2512 596 2560 quos
611 2507 636 2546 et
648 2499 745 2546 amicos

129 2588 394 2651 prudenspraetereot
407 2587 578 2649 quibusbaec‚
589 2595 648 2634 sunt
655 2587 872 2654 qualiacumque,
