1917 3117
129 183 182 234 258
404 185 578 225 summanus

83 353 114 393 tt
129 360 145 393 o
158 352 247 393 noctes
261 357 391 406 cenaeque
405 344 489 402 deum,
504 342 595 405 quibus
609 342 666 404 ipse
677 343 778 406 meique

128 442 187 481 anta
199 433 279 480 laram
291 433 422 495 proprium
435 444 525 480 vescor
536 445 680 493 vernasque
692 432 810 494 procacis

129 535 208 585 pasco
222 521 308 569 libetis
321 521 438 582 dapibus,
454 533 513 567 cum
525 530 553 568 ut
564 520 656 582 cuique
668 519 749 568 libido
762 529 810 578 est,

129 610 206 658 siccat
217 609 361 672 inaequalis
375 609 468 657 calices
482 608 589 655 conviva
602 609 700 656 solutus

128 698 228 761 legibus
240 697 346 756 insanis,
363 687 408 745 scu
421 697 478 758 quis
492 697 562 758 cupit
574 696 644 745 acria
655 695 730 745 fortis

83 796 113 836 70
129 787 230 850 pocula,
246 800 291 834 seu
303 786 410 834 modicis
423 786 521 833 uvescit
533 784 633 833 laetius⁴
661 799 724 847 ergo

129 890 211 924 sermo
225 874 312 932 oritur,
328 889 381 922 non
395 874 427 922 de
439 874 505 921 villis
519 874 666 921 domibusve
679 874 780 933 alienis,

128 978 175 1012 nco
186 964 254 1012 mele
264 963 440 1025 necneLepos
453 963 537 1020 saltet,
547 961 592 1010 sed
605 963 675 1024 quod
688 962 869 1025 magisadnos

128 1052 239 1116 pertinet
251 1060 276 1100 ct
288 1051 386 1100 nescire
400 1051 496 1099 maium
508 1059 548 1099 est
560 1050 697 1113 agitamus,
712 1059 832 1100 utrumne

129 1141 219 1188 divitiis
234 1140 350 1188 homines
363 1155 397 1188 au
410 1140 461 1188 sint
474 1140 566 1188 virtute
579 1140 655 1197 beati,

85 1238 115 1278 75
130 1228 223 1291 quidve
236 1229 267 1276 ud
282 1227 415 1288 amicitias,
432 1242 492 1276 usus
506 1235 647 1286 rectumne,
663 1227 817 1286 transituros,

130 1326 155 1366 et
168 1331 234 1379 quae
246 1317 279 1364 sit
291 1323 383 1364 nutura
396 1316 457 1364 boni
470 1329 648 1377 summumque
661 1315 722 1377 quid
736 1317 799 1364 cius.

129 1405 233 1454 Cervius
246 1406 310 1453 haec
321 1406 388 1453 inter
400 1404 496 1451 vicinus
509 1404 588 1466 garrit
600 1404 677 1452 anilis

129 1509 162 1544 cx
174 1509 201 1542 re
214 1494 333 1542 fabellas.
360 1494 438 1556 siquis
451 1508 513 1541 nam
525 1494 613 1541 laudat
624 1493 706 1542 Arelli

128 1582 251 1648 sollicitas
264 1583 370 1644 ignarus
383 1596 455 1645 opes,
471 1583 508 1630 sic
520 1582 620 1644 incipit,
635 1583 707 1631 ‘olim

82 1680 113 1720 80
128 1670 236 1718 rusticus
248 1671 374 1718 urbanum
386 1684 484 1718 murem
496 1684 553 1717 mus
566 1684 680 1733 paupere
692 1670 772 1720 fertur

128 1758 258 1821 accepisse
270 1772 342 1817 cavo,
357 1766 467 1806 veterem
480 1765 551 1806 vetus
565 1758 658 1821 hospes
671 1759 790 1819 amicum,

127 1853 240 1908 asperet
253 1854 363 1894 attentus
377 1845 508 1908 quaesitis,
524 1854 551 1893 ut
564 1854 650 1894 tamen
664 1855 747 1895 artum

128 1935 237 1984 solveret
249 1934 365 1997 hospitiis
379 1934 500 1982 animum.
529 1934 589 1998 quid
608 1935 705 1983 multa?
724 1950 809 1999 noque
821 1937 868 1987 ille
938 1999 941 2006 Ι

127 2021 233 2084 sepositi
246 2022 334 2070 ciceris
347 2035 395 2070 nec
408 2022 503 2083 longae
516 2022 606 2070 invidit
617 2038 721 2083 avenae,

82 2119 111 2158 85
127 2110 225 2157 aridum
238 2118 263 2157 et
275 2124 319 2158 orc
331 2109 416 2158 ferens
428 2110 531 2158 acinum
543 2125 692 2173 semesaque
705 2111 770 2159 lardi

127 2199 208 2248 frusta
222 2199 299 2257 dedit,
315 2199 421 2262 cupiens
435 2199 505 2247 varia
517 2200 621 2248 fastidia
634 2214 699 2248 cena

127 2287 228 2337 vincere
240 2288 370 2350 tangentis
382 2288 451 2336 maie
463 2288 566 2350 singule
579 2289 656 2336 dente
669 2290 790 2351 superbo,

127 2391 184 2425 cum
196 2383 268 2439 pater
279 2377 336 2439 ipse
349 2378 439 2424 domus
454 2378 529 2440 palca
542 2385 675 2439 porroctus
687 2378 714 2425 in
727 2377 811 2425 horna

127 2473 194 2514 esset
207 2466 271 2514 ador
284 2465 434 2529 loliumque,
450 2466 523 2529 dapis
536 2468 643 2515 meliora
655 2468 813 2530 relinquens.

80 2559 112 2600 ac
126 2551 231 2601 tandem
253 2554 366 2601 urbanus
386 2553 418 2601 ed
437 2553 507 2601 hunc
530 2553 608 2615 “quid
627 2561 652 2603 te
664 2554 749 2602 iuvat’
764 2555 860 2617 inquit,

485 2641 592 2702 “amicc‚
