1917 3117
144 199 196 250 utu
419 201 595 241 SATIRARUM

143 360 216 408 illum
229 361 313 422 ipsum
326 369 453 409 mercatus
468 361 556 417 aravit,
572 360 642 408 dives
655 359 737 406 amieo

143 448 253 497 Herenle
261 449 278 497 1¹
290 449 387 511 siquod
395 449 468 497 adest
476 457 577 510 gratum
582 449 660 506 iuvat,
669 447 718 494 hac
724 460 801 508 prece
807 454 834 495 ts
842 462 900 505 oro,

145 538 240 599 pingue
253 551 331 600 pecus
345 538 450 585 domino
462 537 543 585 iacias
557 545 583 584 et
594 545 678 584 cetera
691 544 792 598 praeter

99 635 128 675 15
142 626 284 687 ingenim,
299 634 377 688 utque
391 627 460 674 soles
473 634 559 673 eustns
571 626 632 673 mihi
645 625 769 672 maximus
783 626 862 673 adsis.

144 730 204 777 ergo
218 716 261 763 ubi
273 729 315 763 me
327 715 354 762 in
367 715 463 763 montis
476 723 503 763 et
514 714 641 762 inertem
654 727 687 761 ex
699 714 761 761 urbe
773 716 881 772 removi,

144 804 205 865 quid
218 803 288 865 prius
301 803 434 851 inlustrem
447 803 530 851 satiris
543 815 667 864 musaque
680 802 809 864 pedestri?

144 906 191 940 nee
204 892 273 939 mala
284 905 326 938 me
339 891 443 939 ambitio
458 890 542 953 perdit
554 903 603 937 nee
616 890 751 951 plumbeus
765 897 853 939 auster

144 987 332 1041 autumnusque
344 980 438 1042 gravis,
453 979 583 1027 Libitinae
596 985 717 1040 quaestus
730 979 848 1027 acerbae.

96 1076 128 1116 20
143 1068 268 1116 Matutine
280 1075 361 1130 pater,
376 1081 422 1115 seu
433 1067 498 1115 Iane
509 1067 629 1115 libentius
642 1066 724 1124 audis,

143 1156 212 1204 unde
225 1155 343 1203 hemines
356 1169 462 1217 operum
474 1156 569 1217 primos
583 1154 699 1217 uitaeque
712 1155 813 1203 labores

144 1246 280 1293 instituunt
293 1245 342 1307 (sie
356 1244 395 1291 dis
408 1245 553 1307 placitum),
568 1252 596 1293 tu
609 1244 728 1292 carminis
741 1252 797 1292 esto

145 1334 306 1397 principium.
334 1332 432 1381 Romae
445 1347 597 1396 sponsorem
610 1348 652 1382 me
663 1333 748 1395 rapis:
768 1333 825 1390 ‘ein‚

145 1437 178 1470 ne
191 1422 261 1484 prior
274 1422 360 1469 officio
374 1422 509 1484 quisquam
522 1423 685 1485 respondent,
700 1422 801 1483 urgue'

97 1518 129 1559 ⁴25
145 1511 197 1558 sive
209 1510 296 1572 aquilo
309 1510 476 1568 redimentes,
491 1524 537 1558 seu
550 1511 640 1557 bruma
653 1510 765 1558 nivalem

145 1600 267 1648 interiore
279 1600 347 1647 diem
361 1615 423 1662 gyro
436 1600 522 1659 trahit,
537 1600 575 1647 ire
587 1608 725 1648 necessest.

145 1690 291 1753 postmodo,
307 1690 375 1752 qued
388 1689 423 1737 mi
437 1690 513 1747 obsit,
530 1689 599 1737 clare
612 1696 760 1751 certumque
772 1689 859 1736 locuto

145 1780 293 1827 luctandum
305 1779 332 1826 in
345 1780 420 1827 turba
433 1786 458 1826 et
471 1778 591 1826 facienda
601 1778 696 1826 iniuria
707 1777 795 1826 tardis.

144 1868 213 1930 ‘quid
226 1869 272 1926 vis,
287 1868 386 1926 insane,
402 1875 427 1914 et
440 1882 504 1929 quas
517 1881 557 1915 res
569 1867 625 1929 agis
631 1867 651 1913 ?’
662 1867 785 1929 inprobus
797 1874 890 1929 urguet

99 1963 130 2005 30
144 1955 214 2004 iratis
227 1957 359 2019 precibus:
380 1956 417 2003 ‘tn
430 1957 517 2018 pulses
531 1970 607 2004 omne
621 1957 689 2019 quud
703 1957 796 2014 obstat,

145 2045 177 2091 ad
191 2046 369 2093 Maecenatem
381 2045 488 2093 memon‘
502 2046 523 2092 si
536 2053 621 2093 mente
635 2044 770 2093 recurras.³

145 2133 195 2181 hoe
208 2134 279 2181 iuvat
291 2142 317 2182 et
327 2133 398 2181 melli
412 2141 459 2192 est,
475 2148 530 2181 non
542 2134 660 2181 mentiar.
687 2142 713 2181 at
725 2133 800 2180 simul
815 2141 885 2182 atras

146 2231 249 2270 ventum
262 2230 300 2271 est
311 2221 450 2283 Esquilias,
465 2222 552 2269 aliena
564 2222 668 2283 negotia
680 2230 782 2270 eentum

145 2324 191 2371 per
204 2321 280 2373 eaput
292 2318 317 2358 et
329 2311 398 2358 eirea
410 2311 506 2357 saliunt
517 2310 594 2357 latus.
621 2310 690 2357 ‘ante
703 2308 843 2357 secundam

99 2406 131 2447 35
146 2397 255 2445 Roscius
268 2399 359 2446 erubet
371 2397 419 2446 sibi
432 2398 535 2445 adesses
548 2398 580 2444 nd
593 2398 683 2446 Puteal
697 2411 761 2444 eras.

146 2486 178 2534 de
191 2501 218 2534 re
231 2488 362 2534 communi
374 2487 473 2534 scribae
486 2500 581 2547 magna
593 2495 670 2548 atque
685 2492 788 2533 novate

141 2575 255 2622 'orabunt
266 2574 343 2622 hodie
355 2575 524 2633 meminisses,
540 2572 644 2634 Quinte,
660 2573 760 2622 reverti.

146 2661 267 2722 inpiimat
279 2662 326 2720 his,
342 2676 411 2720 eure,
426 2663 565 2711 Maecenas
578 2663 653 2724 signa
665 2662 788 2711 tabellis)
