<?xml version="1.0" encoding="UTF-8"?>
<!DOCTYPE html PUBLIC "-//W3C//DTD XHTML 1.0 Transitional//EN"
    "http://www.w3.org/TR/xhtml1/DTD/xhtml1-transitional.dtd">
<html xmlns="http://www.w3.org/1999/xhtml" xml:lang="en" lang="en">
 <head>
  <title>
</title>
<meta http-equiv="Content-Type" content="text/html;charset=utf-8" />
  <meta name='ocr-system' content='tesseract 3.04.00' />
  <meta name='ocr-capabilities' content='ocr_page ocr_carea ocr_par ocr_line ocrx_word'/>
</head>
<body>
  <div class='ocr_page' id='page_1' title='image "./opera00haupgoog_0190.png"; bbox 0 0 1917 3117; ppageno 0'>
   <div class='ocr_carea' id='block_1_1' title="bbox 140 241 568 290">
    <p class='ocr_par' dir='ltr' id='par_1_1' title="bbox 140 241 568 290">
     <span class='ocr_line' id='line_1_1' title="bbox 140 241 568 290; baseline 0.007 -9"><span class='ocrx_word' id='word_1_1' title='bbox 140 241 192 290; x_wconf 77' lang='grc'><strong>166</strong></span> <span class='ocrx_word' id='word_1_2' title='bbox 448 245 568 284; x_wconf 79' lang='lat' dir='ltr'>EPODON</span> 
     </span>
    </p>
   </div>
   <div class='ocr_carea' id='block_1_2' title="bbox 6 402 755 1351">
    <p class='ocr_par' dir='ltr' id='par_1_2' title="bbox 6 402 755 1351">
     <span class='ocr_line' id='line_1_2' title="bbox 137 402 513 460; baseline 0.011 -13"><span class='ocrx_word' id='word_1_3' title='bbox 137 409 277 449; x_wconf 83' lang='lat' dir='ltr'><strong>nocturnus</strong></span> <span class='ocrx_word' id='word_1_4' title='bbox 290 415 421 450; x_wconf 78' lang='lat' dir='ltr'><strong>occurram</strong></span> <span class='ocrx_word' id='word_1_5' title='bbox 434 402 513 460; x_wconf 85' lang='lat' dir='ltr'><strong>furor,</strong></span> 
     </span>
     <span class='ocr_line' id='line_1_3' title="bbox 137 490 718 555; baseline 0.003 -16"><span class='ocrx_word' id='word_1_6' title='bbox 137 497 274 553; x_wconf 79' lang='lat' dir='ltr'><strong>petamque</strong></span> <span class='ocrx_word' id='word_1_7' title='bbox 288 490 370 539; x_wconf 87' lang='lat' dir='ltr'><strong>voltus</strong></span> <span class='ocrx_word' id='word_1_8' title='bbox 383 492 474 538; x_wconf 89' lang='lat' dir='ltr'><strong>umbra</strong></span> <span class='ocrx_word' id='word_1_9' title='bbox 487 493 568 539; x_wconf 85' lang='lat' dir='ltr'><strong>curvis</strong></span> <span class='ocrx_word' id='word_1_10' title='bbox 582 493 718 555; x_wconf 84' lang='lat' dir='ltr'><strong>unguibus,</strong></span> 
     </span>
     <span class='ocr_line' id='line_1_4' title="bbox 138 578 559 641; baseline 0.005 -15"><span class='ocrx_word' id='word_1_11' title='bbox 138 592 205 641; x_wconf 87' lang='lat' dir='ltr'><strong>quae</strong></span> <span class='ocrx_word' id='word_1_12' title='bbox 217 578 254 626; x_wconf 89' lang='lat' dir='ltr'><strong>vis</strong></span> <span class='ocrx_word' id='word_1_13' title='bbox 268 579 373 628; x_wconf 86' lang='lat' dir='ltr'><strong>deorum</strong></span> <span class='ocrx_word' id='word_1_14' title='bbox 386 587 425 628; x_wconf 90' lang='lat' dir='ltr'><strong>est</strong></span> <span class='ocrx_word' id='word_1_15' title='bbox 438 580 559 639; x_wconf 86' lang='lat' dir='ltr'><strong>manium,</strong></span> 
     </span>
     <span class='ocr_line' id='line_1_5' title="bbox 6 666 601 730; baseline 0.002 -15"><span class='ocrx_word' id='word_1_16' title='bbox 6 691 7 694; x_wconf 38' lang='lat'>¹</span> <span class='ocrx_word' id='word_1_17' title='bbox 92 674 123 715; x_wconf 79' lang='lat'><strong>95</strong></span> <span class='ocrx_word' id='word_1_18' title='bbox 138 675 163 715; x_wconf 88' lang='lat' dir='ltr'><strong>et</strong></span> <span class='ocrx_word' id='word_1_19' title='bbox 176 666 296 729; x_wconf 80' lang='lat' dir='ltr'><strong>inquietis</strong></span> <span class='ocrx_word' id='word_1_20' title='bbox 309 668 430 715; x_wconf 79' lang='lat' dir='ltr'><strong>adsidens</strong></span> <span class='ocrx_word' id='word_1_21' title='bbox 445 668 601 730; x_wconf 82' lang='lat' dir='ltr'><strong>praecordiis</strong></span> 
     </span>
     <span class='ocr_line' id='line_1_6' title="bbox 6 730 486 818; baseline 0.006 -17"><span class='ocrx_word' id='word_1_22' title='bbox 6 730 7 747; x_wconf 15' lang='grc' dir='ltr'>ἵ</span> <span class='ocrx_word' id='word_1_23' title='bbox 137 769 231 818; x_wconf 88' lang='lat' dir='ltr'><strong>pavore</strong></span> <span class='ocrx_word' id='word_1_24' title='bbox 244 770 349 804; x_wconf 90' lang='lat' dir='ltr'><strong>somnos</strong></span> <span class='ocrx_word' id='word_1_25' title='bbox 363 757 486 805; x_wconf 84' lang='lat' dir='ltr'><strong>auferam.</strong></span> 
     </span>
     <span class='ocr_line' id='line_1_7' title="bbox 136 845 755 909; baseline 0.006 -19"><span class='ocrx_word' id='word_1_26' title='bbox 136 859 182 892; x_wconf 82' lang='lat' dir='ltr'><strong>vos</strong></span> <span class='ocrx_word' id='word_1_27' title='bbox 195 845 270 892; x_wconf 84' lang='lat' dir='ltr'><strong>turba</strong></span> <span class='ocrx_word' id='word_1_28' title='bbox 282 845 384 893; x_wconf 78' lang='lat' dir='ltr'><strong>vicatim</strong></span> <span class='ocrx_word' id='word_1_29' title='bbox 397 846 456 893; x_wconf 88' lang='lat' dir='ltr'><strong>hine</strong></span> <span class='ocrx_word' id='word_1_30' title='bbox 469 854 495 894; x_wconf 87' lang='lat' dir='ltr'><strong>et</strong></span> <span class='ocrx_word' id='word_1_31' title='bbox 506 846 567 894; x_wconf 84' lang='lat' dir='ltr'><strong>hinc</strong></span> <span class='ocrx_word' id='word_1_32' title='bbox 580 847 650 894; x_wconf 85' lang='lat' dir='ltr'><strong>saxis</strong></span> <span class='ocrx_word' id='word_1_33' title='bbox 663 854 755 909; x_wconf 88' lang='lat' dir='ltr'><strong>petens</strong></span> 
     </span>
     <span class='ocr_line' id='line_1_8' title="bbox 137 933 518 981; baseline 0.005 -2"><span class='ocrx_word' id='word_1_34' title='bbox 137 933 278 981; x_wconf 86' lang='lat' dir='ltr'><strong>contundet</strong></span> <span class='ocrx_word' id='word_1_35' title='bbox 290 934 432 981; x_wconf 87' lang='lat' dir='ltr'><strong>obscaenas</strong></span> <span class='ocrx_word' id='word_1_36' title='bbox 445 949 518 981; x_wconf 83' lang='lat' dir='ltr'><strong>anus.</strong></span> 
     </span>
     <span class='ocr_line' id='line_1_9' title="bbox 137 1021 656 1085; baseline 0.004 -16"><span class='ocrx_word' id='word_1_37' title='bbox 137 1028 196 1083; x_wconf 87' lang='lat' dir='ltr'><strong>post</strong></span> <span class='ocrx_word' id='word_1_38' title='bbox 207 1021 336 1085; x_wconf 80' lang='lat' dir='ltr'><strong>insepulta</strong></span> <span class='ocrx_word' id='word_1_39' title='bbox 346 1024 460 1071; x_wconf 86' lang='lat' dir='ltr'><strong>membra</strong></span> <span class='ocrx_word' id='word_1_40' title='bbox 473 1023 591 1072; x_wconf 85' lang='lat' dir='ltr'><strong>different</strong></span> <span class='ocrx_word' id='word_1_41' title='bbox 603 1023 656 1085; x_wconf 92' lang='lat' dir='ltr'><strong>lupi</strong></span> 
     </span>
     <span class='ocr_line' id='line_1_10' title="bbox 76 1109 420 1174; baseline 0 -17"><span class='ocrx_word' id='word_1_42' title='bbox 76 1117 122 1158; x_wconf 83' lang='lat' dir='ltr'><strong>leo</strong></span> <span class='ocrx_word' id='word_1_43' title='bbox 137 1117 162 1158; x_wconf 85' lang='lat' dir='ltr'><strong>et</strong></span> <span class='ocrx_word' id='word_1_44' title='bbox 175 1109 324 1174; x_wconf 78' lang='lat' dir='ltr'><strong>Esquilinae</strong></span> <span class='ocrx_word' id='word_1_45' title='bbox 338 1111 420 1170; x_wconf 82' lang='lat' dir='ltr'><strong>alites,</strong></span> 
     </span>
     <span class='ocr_line' id='line_1_11' title="bbox 135 1198 713 1264; baseline 0.003 -17"><span class='ocrx_word' id='word_1_46' title='bbox 135 1212 219 1261; x_wconf 91' lang='lat' dir='ltr'><strong>neque</strong></span> <span class='ocrx_word' id='word_1_47' title='bbox 232 1198 281 1247; x_wconf 85' lang='lat' dir='ltr'><strong>hoc</strong></span> <span class='ocrx_word' id='word_1_48' title='bbox 294 1207 413 1262; x_wconf 87' lang='lat' dir='ltr'><strong>parentes</strong></span> <span class='ocrx_word' id='word_1_49' title='bbox 426 1200 476 1247; x_wconf 91' lang='lat' dir='ltr'><strong>hen</strong></span> <span class='ocrx_word' id='word_1_50' title='bbox 490 1201 551 1248; x_wconf 89' lang='lat' dir='ltr'><strong>mihi</strong></span> <span class='ocrx_word' id='word_1_51' title='bbox 566 1201 713 1264; x_wconf 85' lang='lat' dir='ltr'><strong>superstites</strong></span> 
     </span>
     <span class='ocr_line' id='line_1_12' title="bbox 136 1286 459 1351; baseline 0 -15"><span class='ocrx_word' id='word_1_52' title='bbox 136 1286 253 1350; x_wconf 82' lang='lat' dir='ltr'><strong>effugerit</strong></span> <span class='ocrx_word' id='word_1_53' title='bbox 266 1288 459 1351; x_wconf 66' lang='lat' dir='ltr'><strong>spectaculum!</strong></span> 
     </span>
    </p>
   </div>
   <div class='ocr_carea' id='block_1_3' title="bbox 419 1491 579 1499">
    <p class='ocr_par' dir='ltr' id='par_1_3' title="bbox 419 1491 579 1499">
     <span class='ocr_line' id='line_1_13' title="bbox 419 1491 579 1499; baseline 0.006 -2"><span class='ocrx_word' id='word_1_54' title='bbox 419 1491 579 1499; x_wconf 44' lang='lat' dir='ltr'><strong>——ss</strong></span> 
     </span>
    </p>
   </div>
   <div class='ocr_carea' id='block_1_4' title="bbox 473 1731 519 1778">
    <p class='ocr_par' dir='ltr' id='par_1_4' title="bbox 473 1731 519 1778">
     <span class='ocr_line' id='line_1_14' title="bbox 473 1731 519 1778; baseline 0 0"><span class='ocrx_word' id='word_1_55' title='bbox 473 1731 519 1778; x_wconf 87' lang='lat' dir='ltr'><strong>Vl.</strong></span> 
     </span>
    </p>
   </div>
   <div class='ocr_carea' id='block_1_5' title="bbox 93 1904 755 2765">
    <p class='ocr_par' dir='ltr' id='par_1_5' title="bbox 136 1904 706 2236">
     <span class='ocr_line' id='line_1_15' title="bbox 138 1904 666 1971; baseline 0.006 -16"><span class='ocrx_word' id='word_1_56' title='bbox 138 1904 205 1966; x_wconf 82' lang='lat' dir='ltr'><strong>Quid</strong></span> <span class='ocrx_word' id='word_1_57' title='bbox 217 1907 365 1956; x_wconf 87' lang='lat' dir='ltr'><strong>inmerentis</strong></span> <span class='ocrx_word' id='word_1_58' title='bbox 378 1908 492 1971; x_wconf 85' lang='lat' dir='ltr'><strong>hospites</strong></span> <span class='ocrx_word' id='word_1_59' title='bbox 504 1925 582 1958; x_wconf 82' lang='lat' dir='ltr'><strong>vexas</strong></span> <span class='ocrx_word' id='word_1_60' title='bbox 595 1910 666 1958; x_wconf 85' lang='lat' dir='ltr'><strong>oanis</strong></span> 
     </span>
     <span class='ocr_line' id='line_1_16' title="bbox 137 1995 500 2060; baseline 0.006 -17"><span class='ocrx_word' id='word_1_61' title='bbox 137 1995 246 2058; x_wconf 74' lang='lat' dir='ltr'><strong>ignavus</strong></span> <span class='ocrx_word' id='word_1_62' title='bbox 259 1996 394 2046; x_wconf 86' lang='lat' dir='ltr'><strong>adversum</strong></span> <span class='ocrx_word' id='word_1_63' title='bbox 406 1997 500 2060; x_wconf 80' lang='lat' dir='ltr'><strong>lupos?</strong></span> 
     </span>
     <span class='ocr_line' id='line_1_17' title="bbox 138 2085 706 2148; baseline 0.004 -16"><span class='ocrx_word' id='word_1_64' title='bbox 138 2086 200 2148; x_wconf 90' lang='lat' dir='ltr'><strong>quin</strong></span> <span class='ocrx_word' id='word_1_65' title='bbox 214 2085 265 2133; x_wconf 84' lang='lat' dir='ltr'><strong>hue</strong></span> <span class='ocrx_word' id='word_1_66' title='bbox 277 2086 370 2145; x_wconf 85' lang='lat' dir='ltr'><strong>inanis,</strong></span> <span class='ocrx_word' id='word_1_67' title='bbox 386 2087 407 2133; x_wconf 88' lang='lat' dir='ltr'><strong>si</strong></span> <span class='ocrx_word' id='word_1_68' title='bbox 420 2093 504 2148; x_wconf 87' lang='lat' dir='ltr'><strong>potes,</strong></span> <span class='ocrx_word' id='word_1_69' title='bbox 519 2087 595 2134; x_wconf 85' lang='lat' dir='ltr'><strong>vertis</strong></span> <span class='ocrx_word' id='word_1_70' title='bbox 607 2086 706 2134; x_wconf 82' lang='lat' dir='ltr'><strong>mines?</strong></span> 
     </span>
     <span class='ocr_line' id='line_1_18' title="bbox 136 2183 479 2236; baseline -0.006 -13"><span class='ocrx_word' id='word_1_71' title='bbox 136 2183 162 2223; x_wconf 82' lang='lat' dir='ltr'><strong>et</strong></span> <span class='ocrx_word' id='word_1_72' title='bbox 174 2190 215 2223; x_wconf 91' lang='lat' dir='ltr'><strong>me</strong></span> <span class='ocrx_word' id='word_1_73' title='bbox 226 2189 399 2223; x_wconf 85' lang='lat' dir='ltr'><strong>remorsurum</strong></span> <span class='ocrx_word' id='word_1_74' title='bbox 412 2185 479 2236; x_wconf 82' lang='lat' dir='ltr'><strong>pete.</strong></span> 
     </span>
    </p>

    <p class='ocr_par' dir='ltr' id='par_1_6' title="bbox 109 2263 755 2681">
     <span class='ocr_line' id='line_1_19' title="bbox 109 2263 755 2326; baseline 0.002 -16"><span class='ocrx_word' id='word_1_75' title='bbox 109 2272 121 2311; x_wconf 78' lang='lat'><strong>5</strong></span> <span class='ocrx_word' id='word_1_76' title='bbox 136 2279 196 2311; x_wconf 88' lang='lat' dir='ltr'><strong>nam</strong></span> <span class='ocrx_word' id='word_1_77' title='bbox 209 2264 292 2326; x_wconf 86' lang='lat' dir='ltr'><strong>qualis</strong></span> <span class='ocrx_word' id='word_1_78' title='bbox 305 2271 350 2311; x_wconf 91' lang='lat' dir='ltr'><strong>aut</strong></span> <span class='ocrx_word' id='word_1_79' title='bbox 362 2263 492 2311; x_wconf 85' lang='lat' dir='ltr'><strong>Molossus</strong></span> <span class='ocrx_word' id='word_1_80' title='bbox 505 2272 549 2312; x_wconf 81' lang='lat' dir='ltr'><strong>eut</strong></span> <span class='ocrx_word' id='word_1_81' title='bbox 560 2264 644 2312; x_wconf 81' lang='lat' dir='ltr'><strong>fulvus</strong></span> <span class='ocrx_word' id='word_1_82' title='bbox 656 2263 755 2320; x_wconf 83' lang='lat' dir='ltr'><strong>Lacon,</strong></span> 
     </span>
     <span class='ocr_line' id='line_1_20' title="bbox 137 2352 436 2415; baseline 0 -17"><span class='ocrx_word' id='word_1_83' title='bbox 137 2352 219 2399; x_wconf 83' lang='lat' dir='ltr'><strong>amica</strong></span> <span class='ocrx_word' id='word_1_84' title='bbox 231 2352 267 2400; x_wconf 83' lang='lat' dir='ltr'><strong>vis</strong></span> <span class='ocrx_word' id='word_1_85' title='bbox 281 2352 436 2415; x_wconf 87' lang='lat' dir='ltr'><strong>pastoribus,</strong></span> 
     </span>
     <span class='ocr_line' id='line_1_21' title="bbox 137 2438 621 2503; baseline 0 -17"><span class='ocrx_word' id='word_1_86' title='bbox 137 2454 212 2503; x_wconf 77' lang='lat' dir='ltr'><strong>agam</strong></span> <span class='ocrx_word' id='word_1_87' title='bbox 225 2455 271 2503; x_wconf 88' lang='lat' dir='ltr'><strong>per</strong></span> <span class='ocrx_word' id='word_1_88' title='bbox 283 2441 347 2489; x_wconf 78' lang='lat' dir='ltr'><strong>altas</strong></span> <span class='ocrx_word' id='word_1_89' title='bbox 361 2456 422 2489; x_wconf 89' lang='lat' dir='ltr'><strong>aure</strong></span> <span class='ocrx_word' id='word_1_90' title='bbox 435 2441 536 2488; x_wconf 87' lang='lat' dir='ltr'><strong>sublata</strong></span> <span class='ocrx_word' id='word_1_91' title='bbox 547 2438 621 2495; x_wconf 83' lang='lat' dir='ltr'><strong>nivis,</strong></span> 
     </span>
     <span class='ocr_line' id='line_1_22' title="bbox 137 2529 536 2592; baseline 0.005 -18"><span class='ocrx_word' id='word_1_92' title='bbox 137 2542 311 2591; x_wconf 85' lang='lat' dir='ltr'><strong>quaecumque</strong></span> <span class='ocrx_word' id='word_1_93' title='bbox 324 2529 461 2592; x_wconf 82' lang='lat' dir='ltr'><strong>praecedet</strong></span> <span class='ocrx_word' id='word_1_94' title='bbox 472 2529 536 2577; x_wconf 85' lang='lat' dir='ltr'><strong>fera.</strong></span> 
     </span>
     <span class='ocr_line' id='line_1_23' title="bbox 138 2616 685 2681; baseline 0.005 -20"><span class='ocrx_word' id='word_1_95' title='bbox 138 2623 165 2662; x_wconf 89' lang='lat' dir='ltr'><strong>tu</strong></span> <span class='ocrx_word' id='word_1_96' title='bbox 178 2629 235 2662; x_wconf 89' lang='lat' dir='ltr'><strong>cum</strong></span> <span class='ocrx_word' id='word_1_97' title='bbox 247 2616 360 2664; x_wconf 81' lang='lat' dir='ltr'><strong>timenda</strong></span> <span class='ocrx_word' id='word_1_98' title='bbox 372 2633 434 2667; x_wconf 82' lang='lat' dir='ltr'><strong>voce</strong></span> <span class='ocrx_word' id='word_1_99' title='bbox 448 2616 574 2681; x_wconf 85' lang='lat' dir='ltr'><strong>conplesti</strong></span> <span class='ocrx_word' id='word_1_100' title='bbox 587 2632 685 2676; x_wconf 79' lang='lat' dir='ltr'><strong>nemus,</strong></span> 
     </span>
    </p>

    <p class='ocr_par' dir='ltr' id='par_1_7' title="bbox 93 2703 513 2765">
     <span class='ocr_line' id='line_1_24' title="bbox 93 2703 513 2765; baseline 0.01 -16"><span class='ocrx_word' id='word_1_101' title='bbox 93 2710 122 2750; x_wconf 86' lang='lat'><strong>¹0</strong></span> <span class='ocrx_word' id='word_1_102' title='bbox 137 2703 279 2765; x_wconf 84' lang='lat' dir='ltr'><strong>proiectum</strong></span> <span class='ocrx_word' id='word_1_103' title='bbox 292 2704 406 2753; x_wconf 86' lang='lat' dir='ltr'><strong>odoraris</strong></span> <span class='ocrx_word' id='word_1_104' title='bbox 419 2707 513 2755; x_wconf 88' lang='lat' dir='ltr'><strong>eibum.</strong></span> 
     </span>
    </p>
   </div>
   <div class='ocr_carea' id='block_1_6' title="bbox 0 0 964 3117">
    <p class='ocr_par' dir='ltr' id='par_1_8' title="bbox 0 0 964 3117">
     <span class='ocr_line' id='line_1_25' title="bbox 0 0 964 3117; baseline 0 0"><span class='ocrx_word' id='word_1_105' title='bbox 0 0 964 3117; x_wconf 95' lang='lat' dir='ltr'><strong> </strong></span> 
     </span>
    </p>
   </div>
  </div>
 </body>
</html>
