1917 3117
406 187 504 225 LIBER.

86 342 108 390 si
118 349 201 390 certus
213 342 313 392 intrarit
326 343 409 394 doior.

87 440 157 488 ertu,
173 431 326 494 quicumque
339 446 366 479 ee
378 432 478 481 felicior
495 442 572 495 atque
584 446 642 484 mee
655 446 724 481 nune

86 520 207 583 superbus
219 521 317 569 incedis
330 521 408 580 male,

86 608 118 656 sis
132 623 224 672 pecore
237 617 262 657 et
272 609 354 657 multa
367 610 437 658 dives
450 609 541 659 tellure
554 609 650 666 licebit,

34 706 66 747 20
85 697 180 759 tibique
192 698 312 745 Pactolus
326 699 397 756 fluat,

85 800 132 835 nee
144 793 169 835 te
181 786 342 849 Pythagorae
355 786 448 838 fallant
461 801 556 836 areana
569 787 661 844 renuti,

86 875 218 937 formaque
230 876 318 923 vineas
329 876 414 935 Nirea,

86 965 150 1016 eheu
161 965 300 1013 translatos
313 965 365 1013 alio
377 965 503 1014 maerebis
516 979 632 1014 emeres:

85 1061 123 1101 ast
137 1067 185 1115 ego
198 1053 307 1104 vicissim
319 1054 409 1103 riaero.

421 1426 493 1474 XVI.

84 1585 175 1633 Altera
187 1585 238 1632 iarn
251 1587 340 1634 teritur
353 1586 425 1636 bellis
438 1587 555 1636 civilibus
567 1595 647 1642 aetas,

85 1674 136 1723 suis
149 1683 174 1723 et
185 1675 243 1737 ipsa
253 1673 337 1722 Roma
349 1676 441 1724 viribus
454 1676 518 1723 ruit:

85 1778 163 1827 quam
175 1777 260 1825 neque
273 1763 371 1812 finitimi
381 1765 515 1814 valuerunt
528 1764 634 1827 perdere
647 1764 726 1811 Marsi

84 1851 193 1900 minacis
205 1859 250 1899 aut
260 1851 368 1900 Etrusca
380 1853 512 1902 Porsenae
524 1868 624 1910 manus,

48 1954 63 1991 5
84 1940 186 1989 aemula
198 1955 246 1989 nec
259 1941 336 1989 virtus
351 1941 463 2004 Capuae,
478 1956 526 1991 nec
539 1940 678 2004 Spartacus
690 1955 750 1990 acer

84 2028 209 2092 novisque
222 2030 420 2080 rebusrinfidelis
432 2031 571 2088 Aliobr0x‚

84 2133 133 2167 nee
145 2118 201 2166 fera
213 2118 332 2167 caerulea
343 2119 441 2168 domuit
454 2118 592 2168 Germania
604 2118 671 2179 pube

84 2208 284 2271 parentibusque
296 2208 457 2257 abominatus
472 2206 616 2265 Hannibal;

84 2296 156 2359 inpia
169 2298 303 2359 perdemus
318 2297 403 2345 devoti
415 2296 548 2358 sanguinis
561 2304 640 2351 aetas,

31 2393 63 2434 10
84 2384 197 2447 ferisque
209 2398 294 2433 rursus
307 2384 475 2448 oeuupabitur
489 2385 582 2436 solum.

85 2474 209 2522 barbarus
222 2473 271 2522 heu
284 2474 381 2522 eineres
394 2474 494 2524 insistet
505 2473 587 2520 victer
603 2481 627 2521 et
640 2474 727 2521 urbem

85 2576 165 2624 eques
177 2571 286 2612 sonante
303 2563 447 2611 verberabit
459 2562 566 2625 ungula,

85 2664 203 2713 quaeque
216 2659 304 2700 carent
316 2652 398 2700 ventis
411 2661 436 2701 et
449 2652 546 2700 solibus
559 2665 619 2699 osse
632 2649 732 2711 Quirini

140 2752 234 2788 notanus.
251 2752 282 2788 ed.
291 2753 314 2788 ii.
643 2764 672 2805 12
