1917 3117
322 222 361 258 uu
377 220 455 258 narn
471 220 608 257 roamca.
778 216 829 265 331

59 386 90 426 2⁰
106 379 156 425 scia
169 378 302 426 simulare:
325 376 458 439 quidhoc,
474 376 497 423 si
509 375 595 423 fractis
610 385 696 426 enatat
709 391 800 438 exspes

106 467 220 525 navibus,
236 481 294 514 aere
308 466 367 513 dato
381 465 424 528 qui
436 463 566 527 pingitur?
581 464 705 526 amphora
718 466 802 527 coepit

106 555 218 602 institui:
233 561 350 601 currente
363 562 420 601 rota
433 567 478 599 cur
492 567 581 600 urceus
595 552 666 600 exit?

105 644 215 705 denique
229 643 261 690 sit
273 641 382 705 quidvis,
398 641 508 703 simplex
521 643 654 689 dumtaxat
667 650 692 689 et
703 657 792 690 unum.

104 732 217 780 maxima
229 746 288 794 pars
302 738 395 790 vatum,
411 737 485 792 pater
497 739 522 778 et
533 730 637 778 iuvenes
649 737 723 793 patre
737 731 816 793 digni,

58 829 90 868 25
107 820 247 882 decipimur
259 821 344 882 specie
357 819 434 867 recti:
454 819 537 866 brevis
552 834 608 866 esse
621 820 721 878 laboro,

106 908 229 955 obscurus
243 909 292 968 θος
309 916 449 956 sectantem
461 907 527 955 levia
540 908 611 955 nervi

106 995 228 1043 deficiunt
240 997 384 1057 animique;
400 996 531 1057 professus
545 996 654 1057 grandia
666 1003 765 1057 turget;

107 1084 186 1146 serpit
199 1085 268 1131 humi
281 1091 349 1132 tutus
364 1083 469 1130 nimium
482 1084 636 1146 timidusque
650 1085 794 1146 procellae,

107 1172 151 1235 qui
163 1172 260 1219 variare
274 1172 344 1234 cupit
355 1185 410 1218 rem
422 1171 601 1232 prodigialiter
612 1160 699 1229 unam,

59 1270 91 1310 30
107 1259 257 1323 delphinum
267 1259 339 1308 silvis
353 1259 480 1321 adpingit,
497 1258 614 1307 fluctibus
626 1275 726 1322 apmm.

105 1351 133 1398 in
145 1349 232 1397 vitium
246 1348 315 1396 ducit
328 1347 418 1409 culpae
431 1346 503 1410 fuga,
520 1348 540 1394 si
554 1356 623 1396 caret
636 1358 699 1397 arte.

105 1438 245 1486 Aemilium
257 1439 324 1485 circa
337 1436 425 1484 ludum
438 1436 512 1484 faber
523 1452 589 1484 unus
602 1443 627 1484 et
639 1438 732 1500 unguis

106 1526 234 1589 exprimet
245 1535 270 1574 et
282 1526 368 1573 mollis
381 1525 520 1573 imitabitur
537 1539 597 1572 aere
610 1526 728 1589 capillos,

105 1615 197 1663 infelix
210 1615 295 1677 operis
309 1629 416 1671 summa,
432 1614 492 1675 quia
505 1628 600 1676 ponere
613 1623 696 1663 totum

59 1713 91 1752 :rt
106 1703 211 1752 nesciet.
240 1703 308 1750 hunc
320 1717 369 1764 ego
387 1716 436 1761 me,
452 1702 536 1764 siquid
550 1717 699 1765 conponere
712 1718 806 1761 curem,

106 1807 160 1839 non
173 1791 254 1853 magis
268 1804 323 1838 esse
336 1790 412 1837 velim
425 1805 502 1851 quarn
515 1805 579 1837 naso
593 1792 675 1839 vivere
687 1806 776 1853 pravo,

106 1881 274 1941 spectandum
286 1879 366 1941 nigris
380 1878 461 1927 oculis
473 1879 600 1941 nigroque
614 1880 717 1942 capillo.

79 2016 88 2039 ‚
106 1967 197 2016 sumite
210 1968 342 2015 materiam
354 1967 452 2024 vestris,
468 1968 512 2029 qui
524 1967 642 2026 scribitis,
658 1983 767 2031 aequam

106 2056 210 2111 viribus,
227 2063 252 2104 et
264 2064 364 2104 versate
378 2055 429 2115 din,
446 2057 507 2118 quid
522 2056 587 2104 ferre
600 2066 728 2114 recusent,

58 2153 91 2193 lt
107 2144 167 2207 quid
182 2145 283 2192 valcant
296 2145 385 2193 umeri.
414 2146 454 2193 cui
468 2146 535 2193 lecta
548 2152 667 2207 potenter
679 2146 726 2193 erit
738 2160 788 2204 res,

107 2248 156 2282 nec
168 2232 290 2281 facundia
303 2233 401 2283 deseret
412 2234 480 2281 hunc
493 2248 541 2281 nec
554 2234 654 2280 lucidus
667 2235 741 2282 ordo.

108 2322 205 2370 ordinis
217 2323 281 2371 haec
294 2323 372 2371 virtus
386 2323 432 2369 erit
445 2330 471 2369 et
483 2337 571 2381 venus,
588 2330 632 2370 aut
645 2337 694 2384 ego
708 2323 793 2381 fallor,

107 2411 198 2458 utiam
211 2426 279 2459 nuuc
293 2411 360 2458 dicat
372 2410 423 2457 iam
437 2425 507 2458 nunc
520 2413 640 2460 debentia
653 2411 712 2470 dici,

107 2500 231 2562 pleraque
245 2499 344 2547 differat
356 2507 382 2548 et
393 2513 516 2561 praesens
528 2500 556 2547 in
569 2507 668 2562 tempus
682 2500 791 2547 omittat.

61 2598 92 2638 45
107 2588 134 2635 in
148 2587 231 2635 verbis
245 2587 321 2635 etiam
333 2587 416 2635 tenuis
430 2596 572 2650 cautusque
585 2587 711 2645 serendis,

107 2676 157 2723 hoc
169 2683 246 2734 amet,
261 2676 310 2724 hoc
322 2684 428 2739 spernat
441 2676 560 2740 promissi
575 2676 694 2723 carminis
708 2683 809 2723 auctor.
