1917 3117
131 172 184 222 2⁰6
406 174 577 213 sarmaaou

130 331 227 393 incipit,
243 344 274 378 ac
286 332 379 379 missae
392 338 493 393 pastum
505 330 647 378 retinacula
658 330 743 378 mulae

127 427 208 467 nauta
220 419 292 481 piger
305 434 368 468 saxo
381 420 474 481 religat
486 419 618 480 stertitque
631 419 746 481 supinus.

85 514 116 555 20
130 508 233 568 iamque
246 507 300 555 dies
313 508 409 566 aderat,
426 508 462 555 nil
476 523 534 555 cum
546 506 686 570 procedere
699 507 802 555 lintrem

130 595 266 656 sentimus;
288 596 370 643 donec
383 597 532 644 cerebrosus
545 595 647 658 prosilit
658 610 724 643 uuus

131 698 161 731 ac
173 685 258 732 mulae
271 692 416 745 nautaeque
429 691 507 746 caput
518 684 671 746 lumbosque
684 683 786 746 saligno

131 772 197 819 fuste
211 772 289 819 dolat.
318 779 408 833 quarta
420 772 462 818 vix
475 773 577 819 demum
590 772 743 834 exponimur
755 773 830 820 hora.

131 874 177 908 ora
189 874 331 921 manusque
343 868 387 907 tua
400 860 516 918 lavimus,
532 860 652 918 Feronia,
668 861 780 923 lympha.

84 955 115 996 25
130 948 201 996 milia
212 957 265 996 tum
277 949 364 1010 pransi
376 949 425 996 tria
438 947 550 1010 repimus
563 956 639 1010 atque
652 949 764 996 subimus

131 1037 270 1099 inpositum
283 1037 351 1084 saxis
365 1037 416 1084 late
429 1037 598 1085 candentibus
611 1038 711 1084 Anxur.

132 1126 182 1174 huc
195 1133 314 1174 venturus
328 1133 383 1173 erat
394 1126 533 1173 Maecenas
546 1126 657 1188 optimus
671 1133 748 1187 atque

132 1213 263 1271 Cocceius,
278 1214 350 1262 missi
363 1214 464 1275 magnis
477 1215 597 1262 derebus
610 1222 718 1275 uterque

130 1302 217 1364 legati,
232 1316 335 1351 aversos
349 1302 417 1350 soliti
431 1316 579 1365 conponere
593 1302 698 1349 amicos.

86 1397 116 1439 30
130 1390 172 1438 hic
185 1390 267 1439 oculis
280 1404 329 1453 ego
341 1390 416 1452 nigra
428 1391 492 1439 mois
505 1391 613 1451 collyria
622 1391 707 1453 lippus

130 1478 250 1526 inlinere.
277 1479 376 1527 interea
387 1480 525 1527 Maecenas
539 1478 642 1527 advenit
653 1487 730 1540 atque

131 1567 255 1615 Cocceius
268 1566 412 1630 Capitoque
423 1568 498 1616 simul
512 1568 643 1625 Fonteius,
658 1567 691 1613 ad
704 1581 815 1628 unguem

130 1655 213 1703 factus
226 1655 313 1714 homo,
327 1657 493 1704 Antoninon
506 1664 533 1703 ut
545 1655 627 1717 magis
641 1656 706 1703 alter
716 1655 822 1703 amictis.

131 1744 235 1791 Fundos
247 1744 350 1791 Aufidio
362 1744 448 1792 Lusco
461 1753 579 1807 praetore
599 1744 708 1792 libenter

85 1840 115 1881 35
130 1832 277 1894 linquimus,
292 1833 376 1880 insani
389 1833 502 1881 ridentes
515 1834 629 1895 praemia
641 1832 749 1890 scribae,

130 1928 291 1983 praetextam
303 1929 328 1968 et
340 1922 420 1969 latum
433 1921 533 1969 clavum
545 1935 695 1984 prunaeque
708 1920 832 1969 batillum.

129 2008 156 2055 iu
168 2009 356 2057 Mamurrarum
369 2009 429 2057 lassi
441 2009 536 2057 deiude
548 2011 610 2059 urbe
626 2023 768 2068 manemus,

130 2097 239 2145 Murena
251 2099 390 2160 praebente
403 2098 516 2153 domum,
532 2097 659 2160 Capitone
672 2097 792 2145 culinam.

131 2194 234 2247 postera
246 2186 293 2233 lux
304 2187 385 2234 oritur
397 2187 478 2234 multo
491 2187 650 2247 gratissima:
667 2201 776 2247 namque

84 2282 115 2322 40
130 2274 228 2323 Plotius
242 2282 267 2322 ct
279 2275 371 2322 Varius
385 2275 524 2323 Sinuessae
536 2274 717 2336 Vergiliusque

130 2369 275 2420 occurrunt,
290 2363 392 2411 animae
404 2363 493 2424 quales
507 2361 590 2424 neque
603 2363 764 2411 candidiores

129 2458 198 2498 terra
209 2451 267 2498 tulit
279 2465 362 2512 neque
376 2451 433 2513 quis
445 2466 487 2499 me
501 2450 534 2498 sit
546 2451 688 2500 devinctior
700 2453 773 2500 alter.

130 2553 146 2585 o
160 2538 202 2599 qui
215 2539 356 2601 conplexus
370 2549 396 2588 et
407 2541 502 2601 gaudia
515 2548 610 2602 quanta
622 2541 740 2589 fuerunt!

129 2626 165 2673 nil
179 2639 228 2688 ego
242 2627 394 2675 contulerim
406 2627 518 2675 iucundo
531 2643 608 2675 sanus
621 2629 713 2677 amico.
