1917 3117
419 200 510 238 LIBER
523 200 545 236 1.
794 194 846 245 281

122 357 245 421 quidquid
258 358 306 406 sub
318 366 387 406 terra
399 365 446 417 est,
461 357 489 405 in
502 357 616 420 apricum
628 356 742 419 proferet
753 363 833 414 aetas,

53 422 63 439 ’
75 455 107 497 25
123 447 237 496 defodiet
250 447 396 509 condetque
407 446 524 495 nitentia.
552 460 611 493 cnm
623 446 689 493 bene
700 452 791 492 notum

122 537 237 600 porticus
249 535 384 598 Agrippae
396 542 422 582 et
433 535 475 582 via
487 542 512 583 te
525 534 690 597 conspexerit
701 532 781 595 Appi,

121 625 158 674 ire
171 633 257 673 tamen
270 630 349 673 restat
361 623 445 672 Numa
459 638 511 686 quo
525 623 627 672 devenit
639 630 665 671 et
675 622 774 670 Ancus.

124 714 145 761 si
158 713 225 761 latus
239 720 282 761 aut
294 726 369 761 renes
383 712 474 760 morbo
487 719 643 775 temptantur
655 717 739 768 acuto,

124 814 219 863 quaere
232 800 321 862 sugam
333 800 426 848 morbi·
447 800 485 847 vis
499 807 568 848 recte
580 799 664 847 vivere
677 799 746 862 (quis
755 798 853 862 non?)t

77 897 108 938 30
124 889 147 936 si
159 889 238 936 virtus
251 890 301 936 hoo
314 902 367 936 uua
378 896 463 951 potest
476 889 545 947 dare,
559 888 634 937 fortis
648 887 748 935 omissis

124 978 174 1026 hoc
186 992 235 1039 age
248 977 356 1025 deliciis.
384 977 503 1026 virtutem
514 978 592 1025 verba
604 983 677 1040 putes
690 985 716 1025 et

124 1067 210 1113 lucum
223 1066 311 1126 ligna:
327 1079 389 1114 cave
401 1080 434 1114 ne
447 1073 537 1129 portus
551 1072 660 1128 occupet
672 1066 745 1123 alter,

124 1169 158 1203 ne
172 1153 325 1215 Cibyratica,
340 1168 375 1202 ne
385 1153 498 1216 Bithyna
509 1155 615 1217 negotia
627 1155 735 1217 perdas3

124 1243 195 1292 mille
208 1243 305 1291 talenta
316 1242 494 1303 mundentur,
509 1243 615 1291 totidem
633 1244 722 1302 altera,
737 1250 857 1306 porroet

79 1341 110 1382 35
124 1332 200 1382 tertia
211 1332 359 1391 succedant,
375 1338 400 1379 et
412 1346 478 1393 quae
491 1346 550 1395 pars
563 1330 671 1394 quadret
684 1346 810 1380 acervum.

125 1422 223 1471 scilicet
234 1435 341 1469 uxorem
354 1434 412 1468 cum
425 1420 486 1469 dote
498 1420 626 1482 fidemque
639 1427 664 1468 et
676 1420 772 1468 amicos

126 1518 152 1558 et
163 1524 244 1572 genus
257 1517 282 1558 et
293 1509 404 1558 formam
416 1509 508 1571 regina
520 1509 634 1558 Pecunia
646 1508 735 1564 donat,

123 1612 154 1646 ac
167 1599 231 1646 bene
244 1605 402 1646 nummatum
415 1597 522 1645 decorat
534 1596 648 1646 Suadela
659 1597 809 1660 Venusque.

122 1685 257 1747 mancipiis
270 1686 385 1749 locuples
398 1693 458 1747 eget
470 1685 536 1733 aeris
549 1685 734 1749 Cappadocum
746 1701 805 1735 rex:

77 1783 109 1823 4ο
126 1788 158 1822 ne
172 1772 250 1820 fueris
264 1773 305 1820 hic
318 1781 353 1821 tn.
375 1773 523 1834 chlamydes
535 1774 669 1833 Lucullus,
684 1784 712 1822 ut
725 1775 805 1834 aiunt,

124 1862 146 1911 si
159 1870 249 1925 posset
263 1867 365 1908 centurn
378 1874 472 1909 scenae
486 1862 608 1923 praebere
620 1870 734 1923 rogatus,

122 1951 176 2014 ‘qui
193 1963 299 2013 possum
317 1948 381 1997 toti'
400 1948 451 1997 ait:
470 1949 566 1997 ‘tamen
583 1957 608 1998 et
621 1959 743 2012 quaeram
756 1960 781 1999 et
793 1958 857 2014 quot

485 2037 586 2085 habebo

123 2127 243 2176 mittam.²
266 2133 326 2189 post
337 2116 527 2189 paullo'scribit
539 2127 587 2174 sibi
599 2127 671 2174 milia
682 2127 796 2190 quinque

123 2231 180 2266 esse
193 2216 262 2264 domi
275 2215 453 2276 chlamydum,
468 2223 567 2278 partem
579 2215 619 2263 vel
632 2215 735 2264 tolleret
748 2217 840 2264 omnis.

76 2314 108 2354 45
123 2305 198 2354 exilis
212 2305 302 2352 domus
315 2311 354 2352 est
365 2303 409 2352 ubi
422 2318 476 2351 non
489 2310 514 2351 et
525 2304 607 2351 multa
618 2312 756 2366 supersunt

124 2401 149 2442 et
161 2394 293 2442 dominum
304 2392 399 2440 fallunt
412 2399 437 2440 et
449 2400 558 2455 prosunt
570 2391 678 2441 furibus.
705 2408 767 2456 ergo

124 2482 146 2529 si
158 2496 198 2529 res
212 2481 269 2528 sola
281 2488 366 2543 potest
378 2480 464 2528 facere
477 2487 502 2529 et
514 2495 616 2529 servare
630 2481 741 2541 beatum,

123 2569 173 2617 hoo
186 2569 282 2632 primus
295 2578 396 2631 repetas
409 2583 484 2632 opus,
499 2568 549 2616 hoc
561 2578 707 2632 postremus
720 2570 830 2619 omittas.

125 2658 147 2704 si
159 2657 317 2706 fortunatum
329 2657 427 2720 species
440 2666 466 2706 et
478 2657 561 2720 gratia
578 2665 700 2720 praestat,
