1917 3117
447 218 568 257 EPODON

468 536 558 585 XVII.

138 732 193 779 Iam
205 732 258 780 iarn
270 730 368 779 efficaci
382 731 415 778 do
428 745 520 777 manus
535 730 666 788 scientiae,

138 820 247 883 supplex
260 828 286 868 et
298 834 344 867 oro
356 834 437 882 regna
449 834 495 882 per
507 819 685 881 Proserpinae,

138 923 184 972 per
196 917 223 956 et
235 908 335 956 Dianae
348 922 401 955 non
414 908 540 956 movenda
553 908 666 966 numina,

139 1013 186 1062 per
199 1006 275 1060 utque
287 997 367 1045 libros
380 996 522 1047 carminum
534 995 674 1044 valentium

105 1098 118 1136 5
139 1088 219 1135 refixa
232 1086 305 1134 caelo
319 1086 443 1134 devocare
455 1085 549 1143 sidera,

140 1174 257 1233 Canidia,
272 1188 349 1237 parce
361 1175 466 1222 vocibus
478 1174 584 1222 tandem
596 1174 683 1232 sacris,

141 1265 270 1325 citumque
283 1270 350 1311 retro
364 1264 444 1322 solve,
460 1264 531 1311 solve
544 1263 680 1312 turbinem.

140 1353 218 1400 movit
231 1358 352 1414 nepotem
364 1352 496 1414 Telephus
508 1352 627 1400 Nereium

140 1441 166 1488 in
181 1454 257 1502 quem
269 1441 394 1502 superbus
407 1440 539 1489 ordinarat
550 1440 655 1503 agmina

90 1538 119 1578 10
140 1530 271 1593 Mysorum
284 1535 310 1576 et
322 1528 348 1575 in
362 1543 438 1591 quem
449 1530 502 1578 tela
514 1538 590 1577 acuta
601 1537 718 1577 torserat.

140 1632 238 1666 unxere
250 1626 344 1665 matres
357 1618 421 1667 Iliae
434 1619 565 1666 addictum
576 1618 638 1666 feris

141 1707 244 1754 alitibus
257 1714 333 1769 atque
347 1708 453 1755 canibus
467 1707 627 1755 homicidam
639 1706 784 1762 Hectorem,

141 1803 280 1857 postquam
292 1795 386 1843 relictis
399 1796 534 1844 moenibus
547 1810 593 1844 rex
606 1796 715 1858 procidit

142 1884 193 1931 heu
205 1884 342 1946 pervicacis
355 1885 387 1931 ad
405 1886 484 1947 pedes
497 1884 620 1933 Achillei.

91 1980 122 2021 15
143 1979 229 2020 setosa
242 1972 311 2020 duris
326 1986 420 2021 exuere
433 1973 544 2035 pellibus

141 2061 265 2109 laboriosi
279 2063 387 2123 remiges
400 2061 486 2111 Ulixei

142 2151 246 2199 volente
259 2149 335 2198 Circa
346 2151 475 2199 membra:
497 2160 558 2199 tunc
571 2165 643 2199 mens
658 2158 683 2198 at
695 2164 773 2198 sonus

142 2240 258 2302 relapsus
272 2246 348 2302 atque
360 2247 436 2288 notus
455 2240 482 2286 in
496 2240 580 2288 voltus
593 2240 685 2287 bonor.

145 2329 203 2377 dedi
217 2328 277 2376 satis
291 2342 419 2391 superque
431 2342 574 2390 poenarum
586 2328 641 2386 tibi,

91 2425 122 2465 20
144 2427 229 2465 amata
240 2418 324 2465 nautis
337 2417 446 2464 multum
459 2425 485 2465 et
494 2417 663 2465 institoribus.

143 2504 209 2566 sugit
220 2504 344 2563 iuventas,
360 2513 385 2554 et
397 2507 556 2554 verecundus
570 2506 642 2554 color

143 2592 247 2654 reliquit
260 2607 306 2641 ora
318 2595 386 2657 pelle
404 2595 498 2643 amicta
509 2595 601 2653 lurida,

142 2680 193 2727 tuis
206 2681 314 2743 capillus
327 2683 400 2730 albus
414 2691 452 2732 est
464 2683 595 2742 odoribus,
