1917 3117
389 204 511 243 eruerer.
761 201 816 251 223

90 362 206 424 mrgreus
218 362 330 424 Alpinus
342 343 443 423 iugulat
455 362 517 409 uun
528 363 672 411 nemu»
682 362 796 424 unqu

89 450 196 512 delingit
207 450 292 498 Rheni
303 451 401 498 luteum
413 458 498 513 capent,
514 451 579 498 haec
591 466 641 513 ego
653 452 724 510 ludo,

90 552 155 601 qnae
168 553 252 601 neque
264 540 291 587 in
303 539 367 587 aede
380 547 476 587 sonent
488 541 612 589 certantia
624 538 812 602 iudice'l'urpa‚

89 642 138 675 uec
151 628 258 676 redeant
269 628 360 675 iterum
373 634 450 690 atque
456 628 548 675 iteruin
554 628 693 691 spectanda
699 629 815 677 meanis.

41 724 73 764 40
89 722 177 778 arguta
191 717 323 765 meretrice
341 723 415 779 poter
428 715 555 779 Davoque
568 716 703 765 Chremeta

90 804 210 853 eludente
222 818 311 852 senem
323 805 403 852 comis
417 805 515 867 garrire
528 805 631 853 libellos

89 907 155 940 unus
169 893 290 952 virorum,
306 893 439 952 Fundaui3
461 893 536 941 Polio
550 885 639 954 regum

89 980 158 1028 facta
170 983 239 1029 cauit
251 982 316 1044 pede
329 991 367 1030 ter
380 996 517 1044 percusso3
532 981 600 1029 iorte
612 994 675 1043 epos
688 996 747 1030 acer

88 1079 117 1117 ut
129 1084 205 1118 nemo
219 1069 311 1117 Varius
324 1070 407 1130 ducit;
429 1070 507 1117 molle
520 1077 598 1132 atque
610 1070 721 1118 sacemm

42 1167 75 1206 45
91 1157 207 1219 Vergilio
220 1158 365 1207 adnuerunt
376 1160 519 1220 gaudentes
532 1173 589 1207 rure
603 1172 740 1207 camenae:

88 1246 213 1306 hocerat,
228 1255 333 1309 experto
346 1247 440 1295 frustra
454 1245 572 1294 Varrone
584 1246 695 1293 Atacino

89 1343 167 1397 atque
179 1335 331 1397 quibusdam
343 1335 399 1382 aliis
406 1335 497 1383 melius
505 1335 695 1397 quodscribere
701 1349 814 1398 possem,

89 1423 222 1472 inventore
235 1422 336 1484 minor;
351 1437 436 1486 neque
448 1438 497 1485 ego
511 1424 550 1472 illi
563 1424 697 1472 detrahere
709 1424 791 1471 ausim

88 1512 236 1561 haerentem
249 1513 327 1575 cupiti
340 1528 397 1561 curn
408 1513 490 1561 multa
501 1514 578 1562 laude
592 1527 724 1561 coronam.

42 1609 73 1648 50
90 1608 116 1648 at
128 1601 181 1648 dixi
195 1601 273 1649 fluere
287 1601 355 1648 huno
368 1601 531 1661 lutulentum,
546 1617 624 1665 saepe
637 1602 761 1649 serentem

91 1688 165 1751 plura
178 1688 280 1749 quidem
292 1688 407 1736 tollenda
419 1690 604 1752 relinquendis.
631 1703 689 1753 age,
705 1704 814 1751 quaeso,

92 1783 119 1824 tu
132 1776 195 1823 nihil
207 1776 234 1823 in
247 1790 341 1838 magno
355 1777 445 1824 doctus
457 1778 589 1839 reprendis
602 1778 732 1826 Homero?

91 1865 127 1913 nil
141 1864 222 1913 cornis
235 1865 326 1927 tragici
339 1873 420 1912 mutat
433 1864 547 1912 Lucilius
560 1866 624 1924 Atti,

91 1968 145 2002 non
157 1953 224 2000 ridet
236 1967 321 2000 versus
334 1952 403 2000 Enni
415 1953 538 2015 gravitate
550 1954 671 2012 minores,

42 2052 75 2091 55
91 2057 149 2090 cum
162 2042 194 2090 de
206 2056 235 2091 se
247 2040 361 2103 loquitur
374 2055 427 2089 nou
441 2049 469 2089 ut
481 2042 578 2090 maiore
594 2044 739 2104 repreneisl

91 2132 150 2193 quid
163 2138 231 2179 vetat
243 2140 269 2179 et
281 2137 382 2179 nosmet
393 2130 475 2179 Lucili
490 2132 585 2194 scripta
597 2132 707 2193 legentis

91 2234 222 2282 quaerere,
236 2235 298 2267 uum
310 2220 388 2278 illiue,
405 2235 466 2267 num
479 2235 564 2269 rerum
577 2222 640 2268 dura
652 2220 753 2281 negarit

91 2307 229 2357 versiculos
242 2316 334 2356 natura
345 2308 428 2369 magis
441 2309 523 2356 suetos
537 2316 563 2357 et
575 2309 657 2357 euntis

93 2397 207 2455 mollius,
223 2410 253 2444 uc
266 2396 346 2458 siquis
359 2396 466 2458 pedibus
480 2396 540 2458 quid
553 2396 672 2444 claudere
684 2397 761 2453 senis,

43 2495 75 2535 do
90 2486 141 2533 hoc
153 2492 252 2533 tanturn
265 2493 409 2544 contentus,
426 2493 494 2533 amet
506 2485 637 2547 scripsisse
651 2484 776 2532 ducentos

90 2583 151 2622 ante
163 2575 247 2622 cibum
260 2588 356 2633 versus,
370 2574 476 2622 totidem
493 2581 607 2633 cenatus,
622 2572 723 2620 Etrusci

90 2662 166 2725 quale
178 2663 226 2711 luit
239 2661 312 2710 Cassi
325 2662 416 2726 rapido
430 2661 571 2711 ferventius
585 2661 655 2709 amni
