1917 3117
148 206 199 256 178
458 208 579 248 EPODON

148 367 233 430 (nefas
245 366 336 430 videri)
350 366 484 431 dissipabit
494 366 619 416 insolens.

95 465 126 505 15
147 456 213 505 forte
225 457 294 519 quod
307 457 435 519 expediat,
449 456 620 504 communiter
632 463 676 503 ant
687 455 780 504 melior
791 469 865 518 pars·

146 545 220 594 malis
234 559 320 593 carere
333 544 453 607 quaeritis
465 544 607 594 laboribus.

147 635 220 683 nulla
231 634 264 681 sit
276 634 325 681 hac
337 633 423 696 potior
434 633 572 691 sententia,
587 634 765 681 Phocaeorum

146 723 215 771 velut
227 721 341 784 profugit
353 729 486 771 exsecrata
498 722 586 771 civitas

147 824 224 873 agros
237 819 314 873 etque
327 810 387 858 laris
400 810 507 873 patrios,
522 810 714 873 habitandaque
726 809 788 859 fana

95 908 126 948 ἰο
146 900 214 962 apris
228 898 330 961 reliquit
343 908 368 948 et
379 900 516 962 rapacibus
529 900 606 963 lupis,

145 989 183 1036 ire
196 988 274 1050 pedes
288 1002 448 1051 quocumque
461 989 552 1047 serent,
567 1002 729 1051 quocumque
742 1002 789 1051 per
799 989 883 1037 undas

145 1085 222 1125 notus
235 1077 336 1126 vocabit
348 1087 392 1125 aut
405 1086 538 1140 protervus
550 1076 663 1125 Africus.

146 1166 183 1214 sic
195 1166 289 1229 placet,
305 1180 338 1213 au
351 1166 443 1214 melius
456 1166 512 1229 quis
525 1166 604 1214 habet
616 1165 741 1214 suadere?
758 1166 871 1214 secunda

144 1261 225 1303 ratem
238 1269 363 1317 occupare
377 1255 438 1318 qnid
450 1270 579 1303 moramur
591 1254 669 1303 alite?

92 1350 123 1390 25
144 1344 189 1391 sed
201 1343 312 1391 iuremus
325 1344 352 1391 iu
365 1344 443 1393 baec:
464 1344 540 1392 simul
553 1344 611 1391 imis
624 1358 687 1391 saxa
704 1344 819 1392 renarint

144 1432 214 1480 vadis
228 1431 318 1490 levata,
334 1447 368 1481 ne
381 1433 464 1482 redire
477 1433 510 1482 sit
522 1432 595 1482 nefas
606 1449 612 1492 ;

144 1535 194 1570 neu
208 1535 332 1569 conversa
344 1522 448 1570 domum
460 1522 547 1584 pigeat
559 1521 621 1570 dare
638 1520 726 1580 lintea,
742 1519 847 1583 quando

143 1610 229 1657 Padus
242 1610 341 1658 Matina
352 1610 443 1658 laverit
455 1610 598 1666 cacumina,

143 1698 169 1746 in
183 1712 252 1747 mare
265 1713 310 1747 seu
323 1700 405 1747 celsus
417 1700 574 1761 procurrerit
586 1698 767 1762 Appenninus,

93 1795 123 1837 30
144 1801 262 1850 novaque
274 1795 390 1835 monstra
401 1787 514 1836 iunxerit
527 1788 634 1837 libidine

143 1876 221 1924 mirus
234 1891 315 1935 amor,
329 1876 397 1924 iuret
410 1883 438 1924 nt
449 1877 522 1939 tigris
535 1878 667 1926 subsidere
680 1875 770 1934 cervis,

143 1965 301 2014 adulteretur
312 1972 338 2013 et
349 1965 471 2014 columba
482 1966 571 2025 miluo,

144 2055 248 2103 credula
260 2068 308 2102 nec
321 2068 396 2102 ravos
408 2053 516 2103 timeant
528 2061 643 2102 armenta
655 2054 755 2112 leones,

143 2151 263 2206 ametque
276 2143 345 2190 salsa
356 2142 420 2191 levis
433 2143 519 2190 hircus
532 2157 655 2205 aequora.

92 2240 123 2281 35
143 2231 206 2280 haee
220 2240 245 2280 et
257 2245 323 2295 quae
336 2239 457 2294 poterunt
469 2232 563 2280 reditus
577 2231 728 2281 abscindere
741 2230 822 2279 dulcis

143 2334 232 2368 eamus
246 2320 329 2368 omnis
342 2329 476 2369 exsecrata
488 2321 583 2380 dume,

143 2418 188 2458 aut
200 2425 259 2472 pars
272 2409 378 2457 indocili
391 2410 482 2457 melior
494 2424 587 2473 grege;
608 2410 694 2458 mollis
707 2418 733 2458 et
746 2423 839 2473 exspes

142 2498 285 2547 inominata
298 2498 437 2561 perprimat
448 2499 552 2548 cubilia.

143 2600 187 2633 vos
201 2587 292 2649 quibus
306 2586 444 2646 estrimes,
463 2588 614 2638 muliebrem
626 2588 709 2638 tollite
720 2589 826 2645 luctum,

91 2683 123 2723 40
143 2673 251 2723 Etrusca
262 2682 363 2737 praeter
379 2683 405 2724 et
417 2676 501 2725 volate
513 2677 599 2725 litora.
