1917 3117
393 213 482 250 risun
495 213 515 249 1.
766 208 817 258 271

47 382 79 421 45
93 371 195 434 inpiger
207 379 333 419 extremos
346 369 426 417 curris
438 377 567 417 mercator
578 368 611 416 ad
623 369 711 426 Indos,

95 473 223 523 permane
235 458 384 523 pauperiem
396 457 507 520 lugiens
524 471 569 519 per
581 471 652 515 saxa,
668 472 714 520 per
726 457 794 519 ignis
803 473 817 503 τ’

93 563 127 596 ne
140 562 212 596 cures
227 562 266 607 eu,
283 563 348 610 quae
362 547 439 595 stulte
451 545 552 593 mireris
565 553 591 593 et
604 554 687 608 optus,

95 636 193 684 discere
205 644 230 684 el
242 636 330 684 audire
342 643 367 684 et
377 634 476 683 meliori
488 633 590 681 credere
604 648 658 680 non
671 633 726 682 vis?

94 724 152 787 quis
165 725 260 772 circum
272 738 354 787 pagos
368 730 392 772 et
404 723 500 771 circum
513 722 625 784 compita
638 737 743 784 pugnax

7 816 9 835 ⁸
48 822 79 863 50
94 828 189 875 magna
202 813 321 861 coronari
334 818 483 860 contemnet
496 809 625 872 Olympia,
641 811 681 858 cui
695 826 763 874 spes,

94 901 135 950 cui
147 902 180 950 sii
192 899 310 950 condicio
324 900 405 947 dulcis
419 900 474 947 sine
487 900 592 962 pulvere
605 898 725 961 palmes?

94 991 169 1038 vilius
182 997 315 1052 argentum
328 996 366 1036 est
378 1002 450 1046 auro,
465 988 599 1036 virtutibus
612 1002 710 1034 eurum.

94 1079 119 1126 ‘0
134 1078 209 1136 cives,
225 1078 302 1135 cives,
318 1077 467 1138 quaerenda
479 1077 589 1139 pecunie
600 1076 710 1138 primum
723 1085 775 1135 est;

94 1167 172 1214 virtus
187 1173 247 1228 post
259 1179 377 1213 nummos
386 1166 403 1211 ι’
421 1165 485 1213 hacc
497 1165 576 1212 Ianus
589 1178 702 1212 summus
715 1166 748 1212 eb
761 1165 816 1213 imo

51 1266 82 1305 55
98 1256 229 1319 prodocet,
245 1254 309 1301 hnec
321 1253 439 1302 recinunt
452 1253 557 1302 iuvenes
570 1253 665 1302 dictate
677 1266 805 1316 senesque

99 1343 184 1407 [laevo
198 1342 316 1405 suspensi
329 1343 429 1390 loculos
442 1342 608 1404 tabulamque
621 1339 741 1404 lacerto}

97 1441 136 1481 est
147 1431 245 1480 animus
258 1430 313 1490 tibi,
329 1438 388 1479 suut
402 1444 496 1490 mores,
512 1438 552 1478 cst
564 1431 653 1492 lingue
666 1430 790 1492 fidesque,

98 1520 143 1567 sed
158 1520 351 1582 quadringentis
365 1534 410 1568 sex
411 1526 522 1582 fseptem
534 1519 604 1567 milia
617 1520 723 1567 desunt:

96 1608 169 1670 plebs
183 1607 241 1655 eris.
269 1615 296 1656 st
308 1608 380 1670 pueri
393 1608 511 1656 ludentes
523 1609 578 1656 ‘rex
592 1608 650 1655 eris'
662 1608 741 1664 aiunt,

50 1705 82 1745 60
96 1696 126 1743 ‘si
139 1703 207 1744 recle
219 1695 319 1743 facies.²
342 1696 385 1743 hic
397 1710 484 1744 murus
497 1710 593 1745 aeneus
606 1704 670 1755 esto,

97 1785 134 1833 nil
147 1785 263 1832 conscire
275 1784 333 1844 sibi,
349 1785 420 1832 nulle
432 1785 574 1847 pallescere
587 1785 671 1848 eulpa.

95 1872 198 1931 Roscia,
215 1873 255 1920 dic
268 1873 353 1932 sodes,
368 1873 460 1920 melior
471 1874 514 1921 lex
527 1886 560 1920 un
574 1886 710 1936 puerorum
724 1881 763 1921 est

96 1962 182 2021 nenia,
197 1975 263 2024 quae
275 1975 383 2023 regnum
396 1969 463 2010 rectc
475 1962 628 2010 facientibus
642 1961 724 2020 offert,

96 2060 122 2099 et
133 2051 246 2099 maribus
260 2048 344 2098 Curiis
357 2058 382 2098 et
395 2051 530 2098 decantata
542 2049 674 2099 Camillis?

49 2149 80 2189 65
95 2140 152 2188 isne
164 2139 210 2188 tibi
225 2140 315 2188 melius
329 2140 419 2187 suadet
432 2139 484 2202 qui,
500 2153 554 2187 rem
567 2139 656 2197 lacius,
671 2153 733 2196 rem,

96 2229 117 2277 si
131 2229 223 2291 possis,
239 2236 315 2287 recle,
331 2228 352 2275 si
365 2242 428 2287 non,
447 2241 610 2290 quecumque
622 2228 701 2275 modo
715 2241 779 2286 rem,

94 2325 122 2364 ut
135 2317 239 2380 propius
253 2325 353 2380 spectes
367 2316 504 2364 lacrimosa
517 2323 637 2378 poemate
648 2316 722 2378 Pupi,

86 2420 129 2474 'en
143 2406 186 2468 qui
200 2406 329 2453 Fortunae
343 2412 368 2452 te
380 2418 534 2467 responsare
548 2404 674 2466 superbae

95 2495 204 2542 liberum
217 2502 241 2542 et
254 2501 365 2543 erectum
379 2506 500 2556 praesens
514 2492 631 2539 hortetur
643 2500 668 2539 et
681 2492 772 2553 aptat?

49 2591 79 2631 πο
95 2582 187 2644 quodsi
200 2597 240 2631 me
254 2583 365 2645 populus
377 2581 510 2629 Romanus
523 2580 590 2628 ferte
603 2588 685 2641 roget,
701 2595 746 2628 cur

95 2685 149 2717 non
161 2678 190 2718 ul
202 2672 342 2734 porticibus
356 2671 393 2718 sic
404 2670 504 2718 iudiciis
517 2669 588 2717 fruar
599 2669 689 2728 isdem,
