<?xml version="1.0" encoding="UTF-8"?>
<!DOCTYPE html PUBLIC "-//W3C//DTD XHTML 1.0 Transitional//EN"
    "http://www.w3.org/TR/xhtml1/DTD/xhtml1-transitional.dtd">
<html xmlns="http://www.w3.org/1999/xhtml" xml:lang="en" lang="en">
 <head>
  <title>
</title>
<meta http-equiv="Content-Type" content="text/html;charset=utf-8" />
  <meta name='ocr-system' content='tesseract 3.04.00' />
  <meta name='ocr-capabilities' content='ocr_page ocr_carea ocr_par ocr_line ocrx_word'/>
</head>
<body>
  <div class='ocr_page' id='page_1' title='image "./opera00haupgoog_0283.png"; bbox 0 0 1917 3117; ppageno 0'>
   <div class='ocr_carea' id='block_1_1' title="bbox 400 210 831 261">
    <p class='ocr_par' dir='ltr' id='par_1_1' title="bbox 400 210 831 261">
     <span class='ocr_line' id='line_1_1' title="bbox 400 210 831 261; baseline -0.002 -9"><span class='ocrx_word' id='word_1_1' title='bbox 400 214 490 252; x_wconf 78' lang='lat' dir='ltr'><strong>arara</strong></span> <span class='ocrx_word' id='word_1_2' title='bbox 501 214 533 251; x_wconf 85' lang='lat'><strong>11.</strong></span> <span class='ocrx_word' id='word_1_3' title='bbox 777 210 831 261; x_wconf 67' lang='lat'><strong>259</strong></span> 
     </span>
    </p>
   </div>
   <div class='ocr_carea' id='block_1_2' title="bbox 5 370 846 2725">
    <p class='ocr_par' dir='ltr' id='par_1_2' title="bbox 106 370 833 700">
     <span class='ocr_line' id='line_1_2' title="bbox 107 370 719 436; baseline -0.003 -16"><span class='ocrx_word' id='word_1_4' title='bbox 107 371 236 436; x_wconf 85' lang='lat' dir='ltr'><strong>praerupti</strong></span> <span class='ocrx_word' id='word_1_5' title='bbox 249 371 361 420; x_wconf 87' lang='lat' dir='ltr'><strong>nemoris</strong></span> <span class='ocrx_word' id='word_1_6' title='bbox 374 372 515 434; x_wconf 85' lang='lat' dir='ltr'><strong>patientem</strong></span> <span class='ocrx_word' id='word_1_7' title='bbox 527 371 610 419; x_wconf 84' lang='lat' dir='ltr'><strong>vivere</strong></span> <span class='ocrx_word' id='word_1_8' title='bbox 624 370 719 419; x_wconf 82' lang='lat' dir='ltr'><strong>dorso?</strong></span> 
     </span>
     <span class='ocr_line' id='line_1_3' title="bbox 107 459 810 523; baseline 0 -16"><span class='ocrx_word' id='word_1_9' title='bbox 107 461 143 508; x_wconf 78' lang='lat' dir='ltr'><strong>vis</strong></span> <span class='ocrx_word' id='word_1_10' title='bbox 156 468 184 508; x_wconf 88' lang='lat' dir='ltr'><strong>tu</strong></span> <span class='ocrx_word' id='word_1_11' title='bbox 196 460 313 508; x_wconf 84' lang='lat' dir='ltr'><strong>homines</strong></span> <span class='ocrx_word' id='word_1_12' title='bbox 326 461 466 523; x_wconf 82' lang='lat' dir='ltr'><strong>urbemque</strong></span> <span class='ocrx_word' id='word_1_13' title='bbox 478 459 539 507; x_wconf 79' lang='lat' dir='ltr'><strong>teris</strong></span> <span class='ocrx_word' id='word_1_14' title='bbox 552 473 711 523; x_wconf 81' lang='lat' dir='ltr'><strong>praeponere</strong></span> <span class='ocrx_word' id='word_1_15' title='bbox 724 459 810 508; x_wconf 79' lang='lat' dir='ltr'><strong>silvis?</strong></span> 
     </span>
     <span class='ocr_line' id='line_1_4' title="bbox 108 549 833 612; baseline 0 -15"><span class='ocrx_word' id='word_1_16' title='bbox 108 564 184 612; x_wconf 86' lang='lat' dir='ltr'><strong>carpe</strong></span> <span class='ocrx_word' id='word_1_17' title='bbox 198 549 272 609; x_wconf 85' lang='lat' dir='ltr'><strong>viam,</strong></span> <span class='ocrx_word' id='word_1_18' title='bbox 288 549 447 610; x_wconf 80' lang='lat' dir='ltr'><strong>mihicrede,</strong></span> <span class='ocrx_word' id='word_1_19' title='bbox 464 564 566 609; x_wconf 82' lang='lat' dir='ltr'><strong>comes3</strong></span> <span class='ocrx_word' id='word_1_20' title='bbox 586 549 715 597; x_wconf 73' lang='lat' dir='ltr'><strong>terrestria</strong></span> <span class='ocrx_word' id='word_1_21' title='bbox 728 551 833 612; x_wconf 85' lang='lat' dir='ltr'><strong>quando</strong></span> 
     </span>
     <span class='ocr_line' id='line_1_5' title="bbox 106 638 734 700; baseline 0 -15"><span class='ocrx_word' id='word_1_22' title='bbox 106 638 222 686; x_wconf 86' lang='lat' dir='ltr'><strong>mortalis</strong></span> <span class='ocrx_word' id='word_1_23' title='bbox 235 638 333 686; x_wconf 86' lang='lat' dir='ltr'><strong>animas</strong></span> <span class='ocrx_word' id='word_1_24' title='bbox 347 638 435 686; x_wconf 85' lang='lat' dir='ltr'><strong>vivunt</strong></span> <span class='ocrx_word' id='word_1_25' title='bbox 447 638 545 697; x_wconf 87' lang='lat' dir='ltr'><strong>sortitu,</strong></span> <span class='ocrx_word' id='word_1_26' title='bbox 561 652 644 700; x_wconf 90' lang='lat' dir='ltr'><strong>neque</strong></span> <span class='ocrx_word' id='word_1_27' title='bbox 658 639 734 686; x_wconf 87' lang='lat' dir='ltr'><strong>ullast</strong></span> 
     </span>
    </p>

    <p class='ocr_par' dir='ltr' id='par_1_3' title="bbox 61 726 846 1140">
     <span class='ocr_line' id='line_1_6' title="bbox 61 726 825 788; baseline 0.001 -15"><span class='ocrx_word' id='word_1_28' title='bbox 61 734 92 775; x_wconf 78' lang='grc'><strong>95</strong></span> <span class='ocrx_word' id='word_1_29' title='bbox 107 733 151 774; x_wconf 86' lang='lat' dir='ltr'><strong>aut</strong></span> <span class='ocrx_word' id='word_1_30' title='bbox 162 740 257 787; x_wconf 81' lang='lat' dir='ltr'><strong>magno</strong></span> <span class='ocrx_word' id='word_1_31' title='bbox 271 734 315 774; x_wconf 85' lang='lat' dir='ltr'><strong>aut</strong></span> <span class='ocrx_word' id='word_1_32' title='bbox 333 740 411 788; x_wconf 82' lang='lat' dir='ltr'><strong>parvo</strong></span> <span class='ocrx_word' id='word_1_33' title='bbox 425 726 469 774; x_wconf 84' lang='lat' dir='ltr'><strong>leti</strong></span> <span class='ocrx_word' id='word_1_34' title='bbox 482 726 557 787; x_wconf 82' lang='lat' dir='ltr'><strong>fuga:</strong></span> <span class='ocrx_word' id='word_1_35' title='bbox 580 740 640 788; x_wconf 89' lang='lat' dir='ltr'><strong>quo,</strong></span> <span class='ocrx_word' id='word_1_36' title='bbox 657 727 733 785; x_wconf 84' lang='lat' dir='ltr'><strong>bone,</strong></span> <span class='ocrx_word' id='word_1_37' title='bbox 749 726 825 787; x_wconf 85' lang='lat' dir='ltr'><strong>circa,</strong></span> 
     </span>
     <span class='ocr_line' id='line_1_7' title="bbox 107 814 687 873; baseline 0.002 -12"><span class='ocrx_word' id='word_1_38' title='bbox 107 814 167 861; x_wconf 85' lang='lat' dir='ltr'><strong>dum</strong></span> <span class='ocrx_word' id='word_1_39' title='bbox 179 814 247 873; x_wconf 85' lang='lat' dir='ltr'><strong>licet,</strong></span> <span class='ocrx_word' id='word_1_40' title='bbox 262 815 289 862; x_wconf 90' lang='lat' dir='ltr'><strong>in</strong></span> <span class='ocrx_word' id='word_1_41' title='bbox 302 815 377 862; x_wconf 88' lang='lat' dir='ltr'><strong>rebus</strong></span> <span class='ocrx_word' id='word_1_42' title='bbox 390 815 508 863; x_wconf 86' lang='lat' dir='ltr'><strong>iucundis</strong></span> <span class='ocrx_word' id='word_1_43' title='bbox 521 816 576 864; x_wconf 80' lang='lat' dir='ltr'><strong>vive</strong></span> <span class='ocrx_word' id='word_1_44' title='bbox 589 817 687 873; x_wconf 83' lang='lat' dir='ltr'><strong>beatus,</strong></span> 
     </span>
     <span class='ocr_line' id='line_1_8' title="bbox 106 901 846 964; baseline 0.005 -16"><span class='ocrx_word' id='word_1_45' title='bbox 106 901 161 949; x_wconf 87' lang='lat' dir='ltr'><strong>vive</strong></span> <span class='ocrx_word' id='word_1_46' title='bbox 174 916 281 961; x_wconf 83' lang='lat' dir='ltr'><strong>memor,</strong></span> <span class='ocrx_word' id='word_1_47' title='bbox 298 917 375 964; x_wconf 87' lang='lat' dir='ltr'><strong>quam</strong></span> <span class='ocrx_word' id='word_1_48' title='bbox 387 903 423 952; x_wconf 86' lang='lat' dir='ltr'><strong>sis</strong></span> <span class='ocrx_word' id='word_1_49' title='bbox 437 903 492 951; x_wconf 82' lang='lat' dir='ltr'><strong>aevi</strong></span> <span class='ocrx_word' id='word_1_50' title='bbox 506 903 618 951; x_wconf 86' lang='lat' dir='ltr'><strong>brevis.”</strong></span> <span class='ocrx_word' id='word_1_51' title='bbox 642 902 706 951; x_wconf 88' lang='lat' dir='ltr'><strong>haec</strong></span> <span class='ocrx_word' id='word_1_52' title='bbox 717 904 764 951; x_wconf 89' lang='lat' dir='ltr'><strong>ubi</strong></span> <span class='ocrx_word' id='word_1_53' title='bbox 777 903 846 952; x_wconf 88' lang='lat' dir='ltr'><strong>dicta</strong></span> 
     </span>
     <span class='ocr_line' id='line_1_9' title="bbox 107 990 737 1052; baseline 0.003 -16"><span class='ocrx_word' id='word_1_54' title='bbox 107 997 234 1051; x_wconf 82' lang='lat' dir='ltr'><strong>agrestem</strong></span> <span class='ocrx_word' id='word_1_55' title='bbox 247 990 377 1052; x_wconf 85' lang='lat' dir='ltr'><strong>pepulere,</strong></span> <span class='ocrx_word' id='word_1_56' title='bbox 394 991 470 1038; x_wconf 89' lang='lat' dir='ltr'><strong>domo</strong></span> <span class='ocrx_word' id='word_1_57' title='bbox 484 990 546 1038; x_wconf 87' lang='lat' dir='ltr'><strong>levis</strong></span> <span class='ocrx_word' id='word_1_58' title='bbox 561 991 661 1038; x_wconf 86' lang='lat' dir='ltr'><strong>exsilit:</strong></span> <span class='ocrx_word' id='word_1_59' title='bbox 676 990 737 1038; x_wconf 86' lang='lat' dir='ltr'><strong>inde</strong></span> 
     </span>
     <span class='ocr_line' id='line_1_10' title="bbox 106 1078 767 1140; baseline 0.002 -14"><span class='ocrx_word' id='word_1_60' title='bbox 106 1078 182 1126; x_wconf 85' lang='lat' dir='ltr'><strong>ambo</strong></span> <span class='ocrx_word' id='word_1_61' title='bbox 198 1078 358 1140; x_wconf 86' lang='lat' dir='ltr'><strong>propositum</strong></span> <span class='ocrx_word' id='word_1_62' title='bbox 371 1086 498 1139; x_wconf 78' lang='lat' dir='ltr'><strong>peragunt</strong></span> <span class='ocrx_word' id='word_1_63' title='bbox 510 1078 566 1137; x_wconf 84' lang='lat' dir='ltr'><strong>iter,</strong></span> <span class='ocrx_word' id='word_1_64' title='bbox 581 1079 650 1126; x_wconf 89' lang='lat' dir='ltr'><strong>urbis</strong></span> <span class='ocrx_word' id='word_1_65' title='bbox 664 1088 767 1127; x_wconf 86' lang='lat' dir='ltr'><strong>aventes</strong></span> 
     </span>
    </p>

    <p class='ocr_par' dir='ltr' id='par_1_4' title="bbox 43 1165 768 1585">
     <span class='ocr_line' id='line_1_11' title="bbox 43 1165 749 1229; baseline 0.001 -15"><span class='ocrx_word' id='word_1_66' title='bbox 43 1175 90 1214; x_wconf 87' lang='lat'><strong>100</strong></span> <span class='ocrx_word' id='word_1_67' title='bbox 105 1165 208 1214; x_wconf 86' lang='lat' dir='ltr'><strong>moenia</strong></span> <span class='ocrx_word' id='word_1_68' title='bbox 222 1166 341 1212; x_wconf 84' lang='lat' dir='ltr'><strong>nocturni</strong></span> <span class='ocrx_word' id='word_1_69' title='bbox 353 1165 502 1227; x_wconf 88' lang='lat' dir='ltr'><strong>subrepere.</strong></span> <span class='ocrx_word' id='word_1_70' title='bbox 529 1167 632 1229; x_wconf 88' lang='lat' dir='ltr'><strong>iamque</strong></span> <span class='ocrx_word' id='word_1_71' title='bbox 645 1167 749 1216; x_wconf 86' lang='lat' dir='ltr'><strong>tenebat</strong></span> 
     </span>
     <span class='ocr_line' id='line_1_12' title="bbox 105 1253 768 1318; baseline 0.005 -17"><span class='ocrx_word' id='word_1_72' title='bbox 105 1268 159 1302; x_wconf 85' lang='lat' dir='ltr'><strong>nox</strong></span> <span class='ocrx_word' id='word_1_73' title='bbox 170 1254 283 1302; x_wconf 84' lang='lat' dir='ltr'><strong>medium</strong></span> <span class='ocrx_word' id='word_1_74' title='bbox 296 1254 360 1301; x_wconf 86' lang='lat' dir='ltr'><strong>caeli</strong></span> <span class='ocrx_word' id='word_1_75' title='bbox 373 1253 491 1315; x_wconf 82' lang='lat' dir='ltr'><strong>spatium,</strong></span> <span class='ocrx_word' id='word_1_76' title='bbox 508 1268 565 1301; x_wconf 88' lang='lat' dir='ltr'><strong>eum</strong></span> <span class='ocrx_word' id='word_1_77' title='bbox 578 1255 651 1317; x_wconf 90' lang='lat' dir='ltr'><strong>ponit</strong></span> <span class='ocrx_word' id='word_1_78' title='bbox 660 1263 768 1318; x_wconf 89' lang='lat' dir='ltr'><strong>uterque</strong></span> 
     </span>
     <span class='ocr_line' id='line_1_13' title="bbox 105 1343 738 1406; baseline 0.002 -15"><span class='ocrx_word' id='word_1_79' title='bbox 105 1344 132 1391; x_wconf 88' lang='lat' dir='ltr'><strong>in</strong></span> <span class='ocrx_word' id='word_1_80' title='bbox 146 1344 273 1406; x_wconf 82' lang='lat' dir='ltr'><strong>locuplete</strong></span> <span class='ocrx_word' id='word_1_81' title='bbox 287 1343 363 1392; x_wconf 86' lang='lat' dir='ltr'><strong>domo</strong></span> <span class='ocrx_word' id='word_1_82' title='bbox 376 1343 491 1405; x_wconf 85' lang='lat' dir='ltr'><strong>vestigia,</strong></span> <span class='ocrx_word' id='word_1_83' title='bbox 507 1345 585 1392; x_wconf 88' lang='lat' dir='ltr'><strong>rubro</strong></span> <span class='ocrx_word' id='word_1_84' title='bbox 598 1344 641 1392; x_wconf 93' lang='lat' dir='ltr'><strong>ubi</strong></span> <span class='ocrx_word' id='word_1_85' title='bbox 659 1358 738 1392; x_wconf 88' lang='lat' dir='ltr'><strong>cocco</strong></span> 
     </span>
     <span class='ocr_line' id='line_1_14' title="bbox 105 1432 722 1496; baseline -0.002 -16"><span class='ocrx_word' id='word_1_86' title='bbox 105 1433 184 1481; x_wconf 82' lang='lat' dir='ltr'><strong>tincta</strong></span> <span class='ocrx_word' id='word_1_87' title='bbox 197 1447 273 1496; x_wconf 82' lang='lat' dir='ltr'><strong>super</strong></span> <span class='ocrx_word' id='word_1_88' title='bbox 285 1432 365 1480; x_wconf 85' lang='lat' dir='ltr'><strong>lectos</strong></span> <span class='ocrx_word' id='word_1_89' title='bbox 379 1432 501 1480; x_wconf 88' lang='lat' dir='ltr'><strong>canderet</strong></span> <span class='ocrx_word' id='word_1_90' title='bbox 513 1432 589 1480; x_wconf 88' lang='lat' dir='ltr'><strong>vestis</strong></span> <span class='ocrx_word' id='word_1_91' title='bbox 603 1432 722 1490; x_wconf 86' lang='lat' dir='ltr'><strong>eburnos,</strong></span> 
     </span>
     <span class='ocr_line' id='line_1_15' title="bbox 105 1521 759 1585; baseline 0 -16"><span class='ocrx_word' id='word_1_92' title='bbox 105 1523 235 1584; x_wconf 86' lang='lat' dir='ltr'><strong>multaque</strong></span> <span class='ocrx_word' id='word_1_93' title='bbox 249 1523 280 1570; x_wconf 88' lang='lat' dir='ltr'><strong>dc</strong></span> <span class='ocrx_word' id='word_1_94' title='bbox 292 1536 387 1584; x_wconf 82' lang='lat' dir='ltr'><strong>magna</strong></span> <span class='ocrx_word' id='word_1_95' title='bbox 397 1530 564 1585; x_wconf 85' lang='lat' dir='ltr'><strong>superessent</strong></span> <span class='ocrx_word' id='word_1_96' title='bbox 575 1521 675 1569; x_wconf 88' lang='lat' dir='ltr'><strong>fercula</strong></span> <span class='ocrx_word' id='word_1_97' title='bbox 687 1537 759 1579; x_wconf 88' lang='lat' dir='ltr'><strong>cena,</strong></span> 
     </span>
    </p>

    <p class='ocr_par' dir='ltr' id='par_1_5' title="bbox 41 1610 807 2025">
     <span class='ocr_line' id='line_1_16' title="bbox 41 1610 807 1672; baseline -0.003 -12"><span class='ocrx_word' id='word_1_98' title='bbox 41 1620 90 1660; x_wconf 82' lang='lat'><strong>105</strong></span> <span class='ocrx_word' id='word_1_99' title='bbox 106 1624 172 1672; x_wconf 89' lang='lat' dir='ltr'><strong>quae</strong></span> <span class='ocrx_word' id='word_1_100' title='bbox 184 1610 274 1672; x_wconf 89' lang='lat' dir='ltr'><strong>procul</strong></span> <span class='ocrx_word' id='word_1_101' title='bbox 287 1610 421 1658; x_wconf 87' lang='lat' dir='ltr'><strong>exstructis</strong></span> <span class='ocrx_word' id='word_1_102' title='bbox 434 1610 535 1658; x_wconf 87' lang='lat' dir='ltr'><strong>inerant</strong></span> <span class='ocrx_word' id='word_1_103' title='bbox 548 1610 669 1658; x_wconf 88' lang='lat' dir='ltr'><strong>hesterna</strong></span> <span class='ocrx_word' id='word_1_104' title='bbox 681 1610 807 1658; x_wconf 83' lang='lat' dir='ltr'><strong>canistris.</strong></span> 
     </span>
     <span class='ocr_line' id='line_1_17' title="bbox 107 1698 756 1760; baseline -0.003 -14"><span class='ocrx_word' id='word_1_105' title='bbox 107 1712 168 1759; x_wconf 83' lang='lat' dir='ltr'><strong>ergo</strong></span> <span class='ocrx_word' id='word_1_106' title='bbox 181 1698 224 1745; x_wconf 88' lang='lat' dir='ltr'><strong>ubi</strong></span> <span class='ocrx_word' id='word_1_107' title='bbox 237 1712 366 1760; x_wconf 85' lang='lat' dir='ltr'><strong>purpurea</strong></span> <span class='ocrx_word' id='word_1_108' title='bbox 378 1705 524 1760; x_wconf 88' lang='lat' dir='ltr'><strong>porrectum</strong></span> <span class='ocrx_word' id='word_1_109' title='bbox 536 1698 563 1745; x_wconf 89' lang='lat' dir='ltr'><strong>in</strong></span> <span class='ocrx_word' id='word_1_110' title='bbox 578 1706 648 1745; x_wconf 88' lang='lat' dir='ltr'><strong>veste</strong></span> <span class='ocrx_word' id='word_1_111' title='bbox 661 1698 756 1745; x_wconf 85' lang='lat' dir='ltr'><strong>locavit</strong></span> 
     </span>
     <span class='ocr_line' id='line_1_18' title="bbox 106 1784 719 1847; baseline -0.002 -14"><span class='ocrx_word' id='word_1_112' title='bbox 106 1792 242 1847; x_wconf 84' lang='lat' dir='ltr'><strong>agrestem,</strong></span> <span class='ocrx_word' id='word_1_113' title='bbox 258 1784 335 1832; x_wconf 86' lang='lat' dir='ltr'><strong>veluti</strong></span> <span class='ocrx_word' id='word_1_114' title='bbox 348 1785 490 1833; x_wconf 84' lang='lat' dir='ltr'><strong>succinctus</strong></span> <span class='ocrx_word' id='word_1_115' title='bbox 504 1786 611 1833; x_wconf 87' lang='lat' dir='ltr'><strong>cursitat</strong></span> <span class='ocrx_word' id='word_1_116' title='bbox 624 1785 719 1847; x_wconf 87' lang='lat' dir='ltr'><strong>hospes</strong></span> 
     </span>
     <span class='ocr_line' id='line_1_19' title="bbox 107 1873 738 1936; baseline -0.003 -14"><span class='ocrx_word' id='word_1_117' title='bbox 107 1873 291 1935; x_wconf 84' lang='lat' dir='ltr'><strong>continuatque</strong></span> <span class='ocrx_word' id='word_1_118' title='bbox 304 1873 392 1936; x_wconf 85' lang='lat' dir='ltr'><strong>dapes,</strong></span> <span class='ocrx_word' id='word_1_119' title='bbox 408 1888 523 1923; x_wconf 88' lang='lat' dir='ltr'><strong>necnon</strong></span> <span class='ocrx_word' id='word_1_120' title='bbox 536 1874 664 1922; x_wconf 88' lang='lat' dir='ltr'><strong>vomiliter</strong></span> <span class='ocrx_word' id='word_1_121' title='bbox 675 1874 738 1936; x_wconf 85' lang='lat' dir='ltr'><strong>ipsis</strong></span> 
     </span>
     <span class='ocr_line' id='line_1_20' title="bbox 106 1961 807 2025; baseline -0.001 -13"><span class='ocrx_word' id='word_1_122' title='bbox 106 1963 222 2025; x_wconf 82' lang='lat' dir='ltr'><strong>iungitur</strong></span> <span class='ocrx_word' id='word_1_123' title='bbox 234 1961 335 2021; x_wconf 82' lang='lat' dir='ltr'><strong>ciliciis,</strong></span> <span class='ocrx_word' id='word_1_124' title='bbox 352 1963 530 2024; x_wconf 84' lang='lat' dir='ltr'><strong>praelambens</strong></span> <span class='ocrx_word' id='word_1_125' title='bbox 543 1977 620 2010; x_wconf 89' lang='lat' dir='ltr'><strong>omne</strong></span> <span class='ocrx_word' id='word_1_126' title='bbox 632 1963 702 2024; x_wconf 86' lang='lat' dir='ltr'><strong>quod</strong></span> <span class='ocrx_word' id='word_1_127' title='bbox 715 1963 807 2011; x_wconf 75' lang='lat' dir='ltr'><strong>adfert.</strong></span> 
     </span>
    </p>

    <p class='ocr_par' dir='ltr' id='par_1_6' title="bbox 42 2051 786 2294">
     <span class='ocr_line' id='line_1_21' title="bbox 42 2051 704 2113; baseline -0.005 -11"><span class='ocrx_word' id='word_1_128' title='bbox 42 2063 90 2102; x_wconf 86' lang='lat'><strong>110</strong></span> <span class='ocrx_word' id='word_1_129' title='bbox 105 2053 150 2101; x_wconf 85' lang='lat' dir='ltr'><strong>ille</strong></span> <span class='ocrx_word' id='word_1_130' title='bbox 164 2052 261 2100; x_wconf 86' lang='lat' dir='ltr'><strong>cubans</strong></span> <span class='ocrx_word' id='word_1_131' title='bbox 275 2051 369 2113; x_wconf 80' lang='lat' dir='ltr'><strong>gaudet</strong></span> <span class='ocrx_word' id='word_1_132' title='bbox 383 2059 482 2100; x_wconf 84' lang='lat' dir='ltr'><strong>mutata</strong></span> <span class='ocrx_word' id='word_1_133' title='bbox 495 2059 564 2100; x_wconf 86' lang='lat' dir='ltr'><strong>sorte</strong></span> <span class='ocrx_word' id='word_1_134' title='bbox 578 2051 704 2113; x_wconf 85' lang='lat' dir='ltr'><strong>bonisque</strong></span> 
     </span>
     <span class='ocr_line' id='line_1_22' title="bbox 106 2140 786 2204; baseline -0.003 -14"><span class='ocrx_word' id='word_1_135' title='bbox 106 2143 181 2191; x_wconf 85' lang='lat' dir='ltr'><strong>rebus</strong></span> <span class='ocrx_word' id='word_1_136' title='bbox 195 2142 248 2204; x_wconf 83' lang='lat' dir='ltr'><strong>agit</strong></span> <span class='ocrx_word' id='word_1_137' title='bbox 260 2142 356 2190; x_wconf 85' lang='lat' dir='ltr'><strong>laetum</strong></span> <span class='ocrx_word' id='word_1_138' title='bbox 369 2142 509 2199; x_wconf 86' lang='lat' dir='ltr'><strong>convivam,</strong></span> <span class='ocrx_word' id='word_1_139' title='bbox 525 2156 584 2189; x_wconf 89' lang='lat' dir='ltr'><strong>cum</strong></span> <span class='ocrx_word' id='word_1_140' title='bbox 596 2140 680 2189; x_wconf 90' lang='lat' dir='ltr'><strong>subito</strong></span> <span class='ocrx_word' id='word_1_141' title='bbox 693 2141 786 2203; x_wconf 82' lang='lat' dir='ltr'><strong>ingens</strong></span> 
     </span>
     <span class='ocr_line' id='line_1_23' title="bbox 106 2230 736 2294; baseline 0 -19"><span class='ocrx_word' id='word_1_142' title='bbox 106 2231 236 2279; x_wconf 84' lang='lat' dir='ltr'><strong>valvarum</strong></span> <span class='ocrx_word' id='word_1_143' title='bbox 249 2231 367 2294; x_wconf 87' lang='lat' dir='ltr'><strong>strepitus</strong></span> <span class='ocrx_word' id='word_1_144' title='bbox 381 2230 453 2279; x_wconf 88' lang='lat' dir='ltr'><strong>lectis</strong></span> <span class='ocrx_word' id='word_1_145' title='bbox 466 2231 580 2279; x_wconf 85' lang='lat' dir='ltr'><strong>excussit</strong></span> <span class='ocrx_word' id='word_1_146' title='bbox 592 2238 736 2292; x_wconf 89' lang='lat' dir='ltr'><strong>utrumque.</strong></span> 
     </span>
    </p>

    <p class='ocr_par' dir='ltr' id='par_1_7' title="bbox 5 2319 804 2580">
     <span class='ocr_line' id='line_1_24' title="bbox 5 2319 751 2382; baseline -0.001 -16"><span class='ocrx_word' id='word_1_147' title='bbox 5 2323 10 2382; x_wconf 77' lang='grc'><strong>1</strong></span> <span class='ocrx_word' id='word_1_148' title='bbox 108 2333 208 2367; x_wconf 85' lang='lat' dir='ltr'><strong>currere</strong></span> <span class='ocrx_word' id='word_1_149' title='bbox 221 2333 267 2382; x_wconf 90' lang='lat' dir='ltr'><strong>per</strong></span> <span class='ocrx_word' id='word_1_150' title='bbox 278 2327 360 2368; x_wconf 85' lang='lat' dir='ltr'><strong>totum</strong></span> <span class='ocrx_word' id='word_1_151' title='bbox 373 2319 457 2382; x_wconf 85' lang='lat' dir='ltr'><strong>pavidi</strong></span> <span class='ocrx_word' id='word_1_152' title='bbox 471 2320 602 2375; x_wconf 82' lang='lat' dir='ltr'><strong>conclave,</strong></span> <span class='ocrx_word' id='word_1_153' title='bbox 618 2319 751 2380; x_wconf 84' lang='lat' dir='ltr'><strong>magisque</strong></span> 
     </span>
     <span class='ocr_line' id='line_1_25' title="bbox 107 2407 785 2472; baseline -0.001 -16"><span class='ocrx_word' id='word_1_154' title='bbox 107 2409 237 2456; x_wconf 86' lang='lat' dir='ltr'><strong>exanimes</strong></span> <span class='ocrx_word' id='word_1_155' title='bbox 250 2409 387 2472; x_wconf 86' lang='lat' dir='ltr'><strong>trepidare,</strong></span> <span class='ocrx_word' id='word_1_156' title='bbox 403 2410 479 2457; x_wconf 91' lang='lat' dir='ltr'><strong>simul</strong></span> <span class='ocrx_word' id='word_1_157' title='bbox 493 2409 584 2457; x_wconf 87' lang='lat' dir='ltr'><strong>domus</strong></span> <span class='ocrx_word' id='word_1_158' title='bbox 598 2408 651 2456; x_wconf 85' lang='lat' dir='ltr'><strong>alta</strong></span> <span class='ocrx_word' id='word_1_159' title='bbox 662 2407 785 2455; x_wconf 88' lang='lat' dir='ltr'><strong>Molossis</strong></span> 
     </span>
     <span class='ocr_line' id='line_1_26' title="bbox 6 2473 804 2580; baseline -0.003 -35"><span class='ocrx_word' id='word_1_160' title='bbox 6 2473 8 2580; x_wconf 74' lang='grc' dir='ltr'>Ι</span> <span class='ocrx_word' id='word_1_161' title='bbox 44 2509 49 2545; x_wconf 84' lang='grc' dir='ltr'>ι</span> <span class='ocrx_word' id='word_1_162' title='bbox 62 2506 91 2545; x_wconf 84' lang='grc'><strong>15</strong></span> <span class='ocrx_word' id='word_1_163' title='bbox 106 2496 239 2558; x_wconf 82' lang='lat' dir='ltr'><strong>personuit</strong></span> <span class='ocrx_word' id='word_1_164' title='bbox 252 2498 366 2545; x_wconf 86' lang='lat' dir='ltr'><strong>canibus.</strong></span> <span class='ocrx_word' id='word_1_165' title='bbox 393 2506 447 2545; x_wconf 88' lang='lat' dir='ltr'><strong>tum</strong></span> <span class='ocrx_word' id='word_1_166' title='bbox 460 2497 568 2546; x_wconf 85' lang='lat' dir='ltr'><strong>rusticus</strong></span> <span class='ocrx_word' id='word_1_167' title='bbox 580 2496 666 2544; x_wconf 85' lang='lat' dir='ltr'><strong>“haud</strong></span> <span class='ocrx_word' id='word_1_168' title='bbox 678 2496 740 2543; x_wconf 87' lang='lat' dir='ltr'><strong>mihi</strong></span> <span class='ocrx_word' id='word_1_169' title='bbox 752 2495 804 2543; x_wconf 86' lang='lat' dir='ltr'><strong>vita</strong></span> 
     </span>
    </p>

    <p class='ocr_par' dir='ltr' id='par_1_8' title="bbox 106 2586 792 2725">
     <span class='ocr_line' id='line_1_27' title="bbox 106 2586 792 2649; baseline 0 -16"><span class='ocrx_word' id='word_1_170' title='bbox 106 2594 146 2633; x_wconf 87' lang='lat' dir='ltr'><strong>est</strong></span> <span class='ocrx_word' id='word_1_171' title='bbox 156 2599 220 2649; x_wconf 83' lang='lat' dir='ltr'><strong>opus</strong></span> <span class='ocrx_word' id='word_1_172' title='bbox 233 2586 297 2634; x_wconf 89' lang='lat' dir='ltr'><strong>bac’&#39;</strong></span> <span class='ocrx_word' id='word_1_173' title='bbox 310 2587 346 2635; x_wconf 88' lang='lat' dir='ltr'><strong>ait</strong></span> <span class='ocrx_word' id='word_1_174' title='bbox 358 2595 382 2635; x_wconf 86' lang='lat' dir='ltr'><strong>et</strong></span> <span class='ocrx_word' id='word_1_175' title='bbox 394 2587 512 2635; x_wconf 85' lang='lat' dir='ltr'><strong>“valeas:</strong></span> <span class='ocrx_word' id='word_1_176' title='bbox 534 2602 575 2635; x_wconf 89' lang='lat' dir='ltr'><strong>me</strong></span> <span class='ocrx_word' id='word_1_177' title='bbox 588 2587 652 2635; x_wconf 83' lang='lat' dir='ltr'><strong>silva</strong></span> <span class='ocrx_word' id='word_1_178' title='bbox 664 2599 792 2647; x_wconf 75' lang='lat' dir='ltr'><strong>carusque</strong></span> 
     </span>
     <span class='ocr_line' id='line_1_28' title="bbox 107 2675 655 2725; baseline 0.004 -4"><span class='ocrx_word' id='word_1_179' title='bbox 107 2682 174 2722; x_wconf 89' lang='lat' dir='ltr'><strong>tutus</strong></span> <span class='ocrx_word' id='word_1_180' title='bbox 187 2676 219 2722; x_wconf 89' lang='lat' dir='ltr'><strong>ab</strong></span> <span class='ocrx_word' id='word_1_181' title='bbox 232 2675 332 2723; x_wconf 88' lang='lat' dir='ltr'><strong>insidiis</strong></span> <span class='ocrx_word' id='word_1_182' title='bbox 345 2677 416 2724; x_wconf 87' lang='lat' dir='ltr'><strong>tenui</strong></span> <span class='ocrx_word' id='word_1_183' title='bbox 428 2677 554 2725; x_wconf 87' lang='lat' dir='ltr'><strong>solabitur</strong></span> <span class='ocrx_word' id='word_1_184' title='bbox 567 2675 655 2724; x_wconf 86' lang='lat' dir='ltr'><strong>ervo.”</strong></span> 
     </span>
    </p>
   </div>
   <div class='ocr_carea' id='block_1_3' title="bbox 635 2783 681 2830">
    <p class='ocr_par' dir='ltr' id='par_1_9' title="bbox 635 2783 681 2830">
     <span class='ocr_line' id='line_1_29' title="bbox 635 2783 681 2830; baseline -0.022 0"><span class='ocrx_word' id='word_1_185' title='bbox 635 2783 681 2830; x_wconf 78' lang='lat' dir='ltr'><strong>lt‘</strong></span> 
     </span>
    </p>
   </div>
   <div class='ocr_carea' id='block_1_4' title="bbox 388 2828 548 2836">
    <p class='ocr_par' dir='ltr' id='par_1_10' title="bbox 388 2828 548 2836">
     <span class='ocr_line' id='line_1_30' title="bbox 388 2828 548 2836; baseline 0.013 -2"><span class='ocrx_word' id='word_1_186' title='bbox 388 2828 548 2836; x_wconf 82' lang='lat'><strong>——-</strong></span> 
     </span>
    </p>
   </div>
   <div class='ocr_carea' id='block_1_5' title="bbox 0 0 964 3117">
    <p class='ocr_par' dir='ltr' id='par_1_11' title="bbox 0 0 964 3117">
     <span class='ocr_line' id='line_1_31' title="bbox 0 0 964 3117; baseline 0 5"><span class='ocrx_word' id='word_1_187' title='bbox 0 0 964 3117; x_wconf 95' lang='lat' dir='ltr'><strong> </strong></span> 
     </span>
    </p>
   </div>
  </div>
 </body>
</html>
