1917 3117
110 215 127 264 8
394 216 557 255 CARMINUM

114 376 286 424 decertantem
298 375 470 437 aquilonibus,

113 479 161 513 nec
173 465 257 512 tristes
270 464 376 524 hyadas,
392 478 439 511 nec
452 463 549 511 rabiem
561 464 616 511 noti

65 562 93 602 lt
114 568 166 617 quo
179 568 231 600 uon
246 553 340 600 arbiter
353 552 464 600 Hadriae

113 641 203 699 maior,
219 641 310 689 tollere
324 655 369 688 seu
382 656 478 703 ponere
492 641 545 689 volt
557 641 635 688 fretu¹

115 799 190 847 quem
203 783 290 831 mortis
303 782 386 830 timuit
398 783 516 845 gratim,

115 873 158 935 qui
170 872 243 919 siccis
257 872 338 919 oculis
351 880 467 920 monstra
479 873 603 923 natantia.

115 961 158 1024 qui
173 961 235 1009 vidit
247 976 317 1009 mare
331 961 460 1009 turbidum
473 971 499 1009 et

64 1059 95 1099 20
114 1050 216 1098 infamis
230 1051 350 1113 scopulos
362 1050 572 1098 Acroceraunia?

97 1221 100 1225 Δ
115 1192 272 1255 nequiquam
286 1193 347 1240 deus
361 1192 470 1241 abscidit

117 1282 228 1344 prudens
243 1283 348 1329 Oceano
363 1280 518 1328 dissociabili

116 1380 204 1428 terras,
220 1371 241 1417 si
254 1378 339 1417 tamen
352 1369 438 1431 inpiae

116 1473 169 1506 non
182 1459 313 1521 tangenda
326 1467 393 1505 retes
406 1456 553 1504 transiliunt
566 1459 641 1505 vada.

65 1609 94 1648 25
116 1601 201 1648 audax
218 1601 305 1648 omnia
318 1602 415 1663 perpeti

116 1704 179 1751 gens
192 1690 304 1737 hum'una
316 1689 365 1736 ruit
377 1704 423 1752 per
435 1689 539 1737 vetitum
552 1688 634 1737 nefas.

117 1778 201 1825 audax
213 1777 294 1839 Iapeti
307 1792 388 1840 genus

116 1866 203 1929 ignem
216 1866 306 1915 fraude
318 1868 386 1914 mola
399 1866 517 1929 gentibus
530 1866 629 1915 intulit:

116 2015 175 2071 post
186 2009 273 2070 ignem
287 2009 399 2058 aetheria
412 2009 489 2057 domo

65 2105 96 2146 30
117 2097 268 2146 subductum
281 2098 374 2145 macies
388 2107 413 2145 et
425 2112 493 2144 nova
505 2097 614 2146 febrium

118 2186 190 2234 terris
204 2187 319 2235 incubuit
333 2186 433 2244 cohors,

117 2276 260 2338 semotique
273 2276 340 2338 prius
354 2276 428 2324 tarda
440 2275 579 2324 necessitas

117 2416 161 2464 leti
175 2418 295 2479 corripuit
308 2417 424 2478 gradum.

118 2513 238 2568 expertus
251 2520 358 2553 vacuum
370 2505 502 2553 Daedalus
514 2520 574 2553 aera

67 2602 97 2643 35
119 2593 210 2657 pennis
223 2609 277 2642 non
291 2595 387 2643 bomini
401 2594 482 2653 datis;

118 2684 231 2747 perrupit
244 2684 392 2733 Acheronta
404 2683 546 2732 Herculeus
559 2683 641 2732 labor.
