1917 3117
436 239 525 277 LIBER
539 242 559 279 1.

118 402 154 449 nil
167 400 315 449 mortalibus
329 398 437 447 ardeia:

118 490 217 539 caelum
228 489 311 551 ipsum
324 488 432 551 petimus
446 487 566 546 stultitia,
582 502 667 549 neque

117 594 164 643 per
175 585 292 627 nostrum
304 577 414 641 patimur
426 577 509 625 scelus

5 718 9 730 ,
64 678 97 717 40
117 668 241 716 iracunda
252 666 341 714 Iovem
353 680 450 728 ponere
462 665 578 714 fulmina.

460 1057 521 1105 IIII.

120 1216 233 1266 Solvitur
246 1218 310 1266 acris
323 1217 403 1265 hiems
417 1226 491 1279 grata
502 1216 557 1264 vice
569 1216 634 1264 veris
647 1222 674 1264 et
685 1212 780 1273 favoni,

118 1307 273 1369 trahuntque
286 1306 369 1354 siccas
383 1306 516 1353 machinae
529 1304 629 1353 carinae

120 1411 151 1443 ac
163 1411 248 1458 neque
259 1396 311 1443 iarn
323 1395 429 1443 stabulis
447 1394 542 1456 gaudet
555 1408 634 1457 pecus
647 1400 691 1441 aut
703 1400 789 1440 arator
801 1391 864 1454 igni,

121 1500 170 1533 nec
183 1492 256 1548 prata
269 1485 339 1532 cauis
352 1484 466 1532 albicant
479 1483 586 1545 pruinis.

86 1635 99 1674 5
120 1627 171 1674 iam
183 1626 310 1688 Cytherea
323 1627 415 1674 choros
429 1625 498 1673 ducit
509 1625 598 1673 Venus
610 1624 752 1672 inminente
764 1623 834 1672 luna.

119 1716 275 1777 iunctaeque
287 1715 405 1777 nymphis
418 1715 516 1777 gratiae
534 1714 654 1762 decentes

120 1804 220 1851 alterno
234 1811 328 1852 terram
340 1803 457 1866 quatiunt
467 1804 542 1866 pede,
560 1804 621 1850 dum
632 1816 721 1864 graves
733 1801 869 1863 cyclopum

119 1892 253 1941 Volcanus
265 1894 358 1941 ardens
372 1892 422 1940 urit
435 1892 562 1940 officinas.

119 2050 189 2084 nunc
203 2035 277 2085 decet
290 2042 334 2083 aut
346 2033 421 2082 viridi
434 2034 544 2082 nitidum
556 2040 633 2096 caput
644 2032 761 2095 inpedire
773 2040 865 2094 myrto,

70 2133 99 2173 10
120 2133 164 2173 aiut
177 2125 250 2184 flore,
265 2132 348 2173 terrae
361 2138 438 2187 quem
450 2123 537 2171 serunt
549 2122 663 2180 solutae3

5 2213 7 2238 ยน
120 2227 191 2261 nunc
204 2222 228 2261 et
241 2213 268 2261 in
281 2212 407 2261 umbrosis
421 2214 510 2261 Fauno
525 2212 597 2259 decet
609 2210 734 2258 inmolare
746 2209 820 2267 lucis,

120 2317 166 2350 seu
178 2308 269 2365 poscat
281 2316 349 2363 agna
362 2301 413 2349 sive
425 2301 498 2349 malit
510 2300 603 2348 haedo.

120 2444 218 2507 pallida
229 2444 301 2491 Mors
319 2458 402 2507 aeque
420 2444 505 2507 pulsat
517 2444 583 2505 pede
595 2456 737 2505 pauperum
749 2442 868 2490 tabernas

120 2546 261 2596 regumque
274 2534 358 2581 turris.
386 2548 401 2581 0
416 2532 490 2580 beate
502 2530 578 2590 Sesti,

68 2632 98 2672 15
121 2622 188 2671 vitae
199 2636 298 2669 summa
309 2622 390 2670 brevis
402 2636 475 2684 spem
487 2636 535 2668 nos
545 2627 613 2669 vetet
623 2621 745 2670 incohare
751 2622 866 2683 leugam.

119 2711 173 2759 iam
184 2720 209 2759 te
222 2720 321 2773 premet
333 2726 395 2770 nox,
410 2709 565 2771 fabulaeque
577 2724 676 2768 manee,
