1917 3117
128 181 181 231 208
402 185 578 223 SATIRARUM

127 353 211 403 paene
222 355 322 389 macros
335 342 397 390 arsit
409 342 469 389 dum
481 342 570 389 turdos
583 349 667 388 versat
678 341 706 388 in
718 340 782 403 igni.

128 443 189 476 nam
200 443 266 491 vaga
278 444 324 492 per
335 437 445 478 veterem
458 429 560 492 dilapso
572 429 675 476 flamma
687 430 799 477 culinam

127 517 246 565 Volcano
259 532 386 566 summum
398 518 555 581 properabat
566 517 681 566 lambere
692 525 794 566 tectum.

81 614 113 654 '15
128 606 247 654 convivas
259 606 347 654 avidos
360 620 451 654 cenam
463 619 601 669 servosque
614 606 725 655 timentis

127 702 180 742 tum
192 708 282 757 rapere
294 702 371 757 atque
383 695 467 743 omnia
480 694 639 756 restinguere
651 694 716 743 velle
728 695 837 743 videres.

126 782 216 845 incipit
227 797 261 831 ex
271 784 317 832 illo
330 783 426 831 montis
438 783 555 845 Appulia
566 790 645 831 notos

127 879 256 919 ostentare
267 871 338 930 mihi,
354 886 418 933 quos
431 880 512 919 torret
523 871 651 920 Atabulus
664 878 690 919 et
702 885 767 933 quos

127 974 265 1022 numquam
279 973 435 1022 erepsemus‚
450 960 499 1006 nisi
512 974 561 1007 nos
573 959 656 1007 vicina
668 959 761 1007 Trivici

80 1056 112 1097 80
126 1050 188 1096 villa
199 1048 346 1111 recepisset,
361 1047 500 1096 lacrimoso
512 1062 566 1095 non
580 1047 729 1105 sinemuro,

127 1138 191 1184 udos
204 1150 263 1184 cum
275 1136 344 1185 foliis
355 1150 441 1184 ramos
452 1145 543 1184 urente
560 1135 670 1183 camino.

126 1226 167 1273 hic
180 1239 229 1287 ego
242 1225 392 1274 mendacem
405 1224 569 1273 stultissimus
582 1238 662 1286 usque
674 1224 787 1287 puellam

127 1314 159 1360 ad
173 1314 284 1362 medium
295 1320 400 1361 noctem
413 1320 549 1375 exspecto:
565 1326 670 1360 somnus
683 1320 769 1360 tamen
775 1313 858 1361 aufert

127 1402 253 1450 intentum
265 1401 373 1449 Veneri:
394 1408 448 1448 tum
463 1401 588 1448 inmundo
601 1401 701 1449 somnia
713 1400 768 1447 visu

80 1497 112 1539 85
126 1498 279 1537 nocturnam
291 1496 387 1538 vestem
398 1489 530 1537 maculant
541 1497 707 1551 ventremque
719 1490 847 1552 supinum.

126 1585 246 1640 quattuor
257 1578 317 1625 hinc
328 1560 443 1640 rapimur
454 1578 545 1640 viginti
558 1585 583 1626 et
595 1578 666 1625 milia
677 1578 753 1635 redis,

126 1665 240 1713 mansuri
252 1667 384 1728 oppidulo,
400 1667 469 1729 quod
483 1680 556 1714 versu
569 1666 652 1715 dicere
665 1681 717 1713 non
731 1676 778 1720 est,
878 1678 890 1692 ⁴

127 1754 206 1816 signis
219 1753 342 1816 perfacile
354 1764 400 1803 est.
427 1755 497 1803 veuit
509 1755 630 1803 tilissima
642 1769 726 1802 rerum
790 1744 792 1746 ’

126 1842 168 1890 hic
180 1857 262 1905 aqua3
284 1844 329 1891 sed
342 1844 417 1906 panis
429 1843 508 1906 longe
521 1842 715 1907 pulcherrimus,
729 1843 796 1891 ultra

78 1940 110 1980 eo
126 1932 232 1980 callidus
246 1938 274 1978 ut
285 1932 367 1980 soleat
378 1932 471 1980 umeris
485 1942 588 1995 portare
604 1932 699 1980 viator:

125 2035 186 2068 nam
199 2019 294 2068 Canusi
306 2021 447 2083 lapidosus,
463 2035 547 2083 aquae
559 2035 613 2069 non
626 2020 703 2068 ditior
713 2034 779 2067 urna

125 2109 169 2172 qui
182 2109 253 2157 locus
266 2123 282 2156 a
294 2108 353 2157 forti
366 2108 493 2158 Diomede
505 2119 545 2158 est
557 2108 674 2158 conditus
686 2109 758 2157 olim.

126 2198 244 2247 flentibus
255 2197 316 2245 hinc
328 2197 421 2246 Varius
435 2198 544 2247 discedit
555 2205 668 2246 maestus
681 2196 779 2245 amicis.

125 2286 186 2334 inde
198 2285 286 2333 Rubos
299 2285 360 2335 fessi
372 2288 542 2348 pervenimus,
557 2295 646 2349 utpote
658 2286 765 2347 longum

78 2383 110 2423 9⁵
126 2381 259 2437 carpentes
271 2375 320 2423 iter
332 2383 357 2423 et
369 2373 464 2422 factum
476 2374 618 2437 corruptius
631 2374 715 2423 imbri.
834 2357 837 2358 ⁷

125 2470 229 2525 postera
240 2470 379 2525 tempestas
392 2463 491 2520 melior,
507 2464 548 2511 via
560 2462 633 2526 peior
644 2463 677 2509 ad
691 2477 770 2525 usque

124 2550 184 2598 Bari
197 2551 300 2598 moenia
311 2551 416 2614 piscosi.
444 2551 502 2599 dein
517 2552 612 2600 Gnatia
624 2551 734 2614 lymphis

124 2638 195 2686 iratis
208 2646 337 2687 exstructa
350 2639 419 2687 dedit
431 2640 548 2703 risusque
559 2642 690 2702 iocosque,
