1917 3117
399 178 572 219 SATIRARUM

446 497 519 545 VIII.

123 687 191 737 Olim
203 697 306 739 truncus
320 705 391 739 erem
403 691 521 751 ficulnus,
535 677 626 740 inutile
643 692 750 755 lignum,

122 791 180 825 oum
191 778 272 839 faber,
286 780 398 828 incertus
410 794 543 827 scamnum
555 780 686 829 faceretne
698 780 827 843 Priapum,

121 868 211 915 maluit
223 881 279 915 esse
293 868 377 916 deum.
399 869 462 916 deus
474 869 536 916 inde
548 882 606 930 ego,
616 869 701 916 iurum
712 871 850 932 aviumque

120 957 232 1003 maxima
245 956 371 1004 formido:
385 971 446 1004 nam
459 956 528 1004 iures
543 957 634 1003 dextra
646 966 748 1005 coercet

94 1052 107 1091 b
121 1045 302 1107 obscaenoque
314 1047 391 1094 ruber
403 1052 536 1106 porrectus
548 1045 581 1092 ab
593 1045 700 1107 inguine
713 1047 796 1107 palus,

120 1140 158 1181 ast
169 1133 321 1196 inportunas
334 1133 444 1181 volucris
457 1133 483 1181 in
498 1133 591 1181 vertice
604 1134 703 1181 arundo

119 1230 198 1270 terret
210 1223 261 1270 fixa
273 1230 391 1285 vetatque
404 1221 476 1269 novis
490 1221 624 1270 considere
637 1222 663 1269 in
676 1222 766 1270 hortis.

119 1311 169 1358 huc
182 1311 252 1373 prius
264 1310 379 1373 angustis
392 1310 473 1359 eiecta
486 1310 609 1358 cadavera
627 1310 699 1358 cellis

119 1413 255 1447 conservus
269 1399 312 1447 vili
325 1399 452 1461 portanda
464 1400 568 1446 locabat
580 1400 606 1446 in
620 1414 695 1459 arca3

75 1497 105 1536 to
119 1488 169 1536 hoe
181 1488 288 1536 miserae
302 1488 371 1549 plebi
385 1488 469 1535 stabat
480 1502 615 1536 commune
629 1488 782 1549 sepulcrum,

118 1577 263 1624 Pantolabo
277 1590 379 1624 scurrae
391 1576 607 1638 Nomentanoque
619 1577 716 1637 nepoti.

119 1666 190 1714 mille
203 1666 281 1728 pedes
293 1668 320 1715 in
332 1666 426 1724 fronte,
443 1672 571 1713 trecentos
586 1664 677 1727 cippus
689 1665 717 1712 in
732 1679 822 1727 agrum

120 1754 161 1802 hic
175 1754 267 1814 dabet3
287 1755 394 1803 heredes
407 1760 601 1801 monumentum
614 1767 647 1800 ne
660 1763 817 1815 sequeretur.

119 1857 188 1891 nuuc
201 1844 260 1892 licet
271 1843 393 1905 Esquiliis
407 1842 521 1889 babitare
537 1842 680 1889 salubribus
692 1849 769 1903 atque

75 1939 104 1979 15
119 1946 213 1994 aggere
224 1933 251 1980 in
264 1932 351 1994 aprico
365 1930 477 1993 spatiari,
494 1945 545 1993 quo
558 1931 636 1979 modo
650 1931 733 1979 tristes

119 2021 184 2069 albis
196 2021 332 2069 informem
344 2021 497 2083 spectabant
508 2020 608 2067 ossibus
621 2034 725 2082 agrum3

119 2124 177 2158 cum
189 2111 250 2158 mibi
263 2124 316 2157 non
329 2116 428 2157 tantum
440 2108 562 2171 furesque
574 2108 695 2170 feraeque
707 2116 796 2157 suetae

118 2199 187 2247 hunc
199 2213 292 2247 vexare
305 2198 391 2245 locum
404 2210 481 2245 curse
493 2203 553 2244 sunt
565 2203 642 2259 atque
654 2197 746 2256 labori,

121 2297 244 2351 quantum
257 2286 412 2334 carminibus
425 2299 492 2347 quae
504 2294 606 2332 vorsant
618 2293 696 2348 atque
708 2287 815 2334 venenis

73 2384 104 2425 to
119 2376 243 2423 humanos
258 2376 371 2423 animos:
392 2375 437 2421 has
456 2374 529 2422 nullo
543 2372 649 2435 perdere
662 2388 767 2436 possum

117 2478 166 2512 nec
179 2464 315 2526 prohibere
328 2463 414 2522 modo,
430 2462 504 2510 simui
518 2476 547 2509 ac
560 2476 624 2524 vega
636 2462 698 2510 iuna
712 2463 834 2512 decorum

117 2552 223 2614 protulit
236 2568 274 2612 os,
290 2552 351 2614 quin
365 2566 425 2600 osse
437 2552 527 2613 legant
538 2551 682 2612 herbasque
695 2552 821 2599 nocentis.

118 2640 169 2686 vidi
181 2649 283 2702 egomet
295 2641 369 2702 nigra
381 2640 536 2687 succinctam
549 2639 640 2686 vadere
653 2640 724 2701 palla
