1917 3117
382 204 468 241 mnan
482 204 515 241 11.
761 200 816 250 255

27 372 74 412 100
90 373 115 411 et
128 371 223 411 eertum
236 361 354 425 vigilans,
371 359 484 420 Quartae
497 373 550 409 esto
564 361 641 423 partis
654 360 753 418 Ulixes,

90 451 210 510 audieris,
225 451 308 510 heres,
323 451 394 513 ‘ergo
407 465 476 499 nunc
490 450 575 498 Dama
587 449 683 498 sodalis

90 555 217 603 nusquam
224 539 277 589 est?
287 539 356 587 unde
363 539 424 587 mihi
431 539 584 587 tamfortem
591 547 694 601 tamque
701 538 829 587 fideleml'

91 644 182 692 sparge
194 629 302 677 subinde
312 637 337 677 et
345 628 366 676 si
372 628 488 691 paullum
495 636 569 691 potes
575 628 717 676 inlacrima.
733 642 781 677 ere
788 636 830 675 est

90 718 183 780 gaudia
197 718 350 781 prodentem
362 718 459 765 voltum
471 717 565 765 celare.
593 717 739 779 sepulerum

25 816 74 856 105
90 806 242 869 permissum
254 806 359 854 arbitrio
372 806 427 854 aine
440 806 558 854 sordibus
571 813 682 853 exstrue.
708 805 786 853 funus

90 895 193 957 egregie
204 894 299 942 facturn
311 895 402 942 laudet
410 894 512 943 vicinia.
539 893 620 956 siquis

91 984 156 1032 forte
169 975 324 1032 coheredum
336 984 423 1031 senior
435 983 503 1030 male
516 982 615 1042 tussiat,
630 982 689 1030 huie
701 991 729 1031 tu

91 1074 139 1131 dic,
156 1087 188 1121 ex
201 1080 274 1135 parte
286 1081 330 1120 tua
342 1086 387 1121 seu
400 1070 472 1119 fundi
485 1072 537 1120 sive
550 1071 641 1118 domus
654 1071 687 1117 sit

91 1170 197 1223 emptor,
215 1160 369 1222 gaudentem
381 1173 485 1207 nummo
498 1169 524 1207 te
536 1159 665 1206 addicere⁴
693 1158 738 1206 sed
751 1172 795 1206 me

27 1260 36 1299 1
48 1258 77 1297 10
91 1249 229 1312 imperiosa
240 1249 318 1296 trahit
329 1248 499 1311 Proserpina:
515 1248 571 1296 vire
582 1249 699 1310 valeque.

373 1435 532 1444 ——-.-

427 1619 474 1667 Vl.

93 1779 149 1827 Hoc
162 1778 254 1827 eratin
267 1778 346 1826 votis:
368 1778 459 1826 modus
472 1779 527 1840 agri
540 1780 642 1828 nonita
652 1793 773 1843 magnus,

93 1869 180 1916 hortus
193 1867 236 1915 ubi
249 1876 274 1915 et
286 1874 354 1914 teoto
366 1866 462 1914 vicinus
475 1867 541 1929 iugis
554 1881 637 1930 aquae
656 1867 715 1916 fona

93 1967 118 2004 et
129 1956 244 2019 paullum
258 1955 336 2003 silvae
349 1968 426 2017 super
438 1954 477 2002 hie
490 1955 566 2004 foret.
593 1956 690 2003 auctius
703 1964 781 2018 atque

92 2046 118 2092 di
129 2045 220 2093 melius
232 2044 326 2093 secere.
354 2045 420 2092 bene
433 2052 480 2092 est.
508 2045 544 2093 nil
558 2046 667 2107 amplius
681 2059 736 2104 oro,

62 2145 75 2183 5
90 2135 160 2184 Maia
171 2142 240 2193 nate,
256 2134 305 2181 nisi
318 2141 346 2182 ut
358 2134 464 2196 propria
475 2133 539 2182 haee
551 2133 613 2182 mihi
625 2148 731 2182 munera
742 2133 821 2181 faxis.

91 2223 112 2270 si
124 2237 208 2286 neque
221 2223 344 2271 maiorem
356 2221 405 2271 leci
418 2222 518 2270 ratione
529 2222 598 2270 male
609 2237 672 2280 rem,

90 2325 139 2359 neo
151 2326 207 2359 sum
219 2311 332 2361 facturus
345 2310 405 2359 vitio
419 2311 527 2373 culpave
538 2310 671 2367 minorem,

90 2399 112 2447 si
124 2413 232 2449 veneror
244 2399 334 2448 stultus
348 2398 412 2447 nihil
425 2399 525 2457 horum,
539 2399 564 2446 ‘o
579 2399 600 2446 si
612 2398 723 2460 angulus
736 2398 780 2446 ille

90 2488 225 2552 proximus,
235 2490 348 2547 auuodat,
364 2488 407 2551 qui
420 2502 489 2536 nuno
502 2488 637 2537 denormat
649 2488 775 2550 agellum!

44 2586 74 2626 10
90 2592 105 2624 o
120 2576 141 2623 si
153 2580 244 2626 urna'm
256 2578 357 2640 argenti
370 2577 422 2626 fors
436 2576 577 2639 quaemihi
590 2583 725 2635 monstret,
741 2585 768 2624 ut
779 2575 828 2632 illi,

89 2666 215 2713 thesauro
221 2666 325 2715 invento
339 2666 383 2729 qui
396 2664 587 2713 mercennarius
600 2678 690 2726 agrum

24 2274 41 2298 Ι
