1917 3117
138 167 190 218 240
413 170 586 212 sarmarum

135 328 258 377 incolumi
271 328 352 389 capite
366 327 409 376 es?
429 328 489 390 quid
503 327 588 375 enim?
609 341 692 390 nequa
710 335 738 375 tu
757 327 807 375 hoc
829 328 900 377 facis

496 416 581 478 Argis,

137 519 184 553 nec
197 504 265 552 ferro
277 513 304 552 ut
318 505 422 553 demens
435 505 590 567 genetricem
603 504 698 553 occidis
712 503 829 553 Orestes.

135 608 168 641 an
180 600 208 641 tu
220 593 282 641 reris
296 607 353 640 eum
366 592 451 640 occisa
463 593 588 641 insanisse
601 602 716 655 parente,

73 690 120 732 135
136 696 232 729 acuon
246 689 304 729 ante
318 681 393 728 maiis
409 680 552 730 dementem
565 690 649 730 actum
662 682 743 730 Furiis
758 696 838 744 quam

135 771 160 818 in
173 771 260 818 matris
273 770 360 832 iugulo
374 769 469 818 ferrum
482 770 603 832 tepefecit
616 769 734 817 acutum?

135 859 204 922 quin,
221 874 253 907 ex
266 873 317 920 quo
331 866 369 907 est
381 859 482 907 habitus
496 859 562 907 male
575 866 644 907 tutae
656 859 748 907 mentis
763 857 881 917 Orestes,

135 948 171 995 nil
185 961 247 995 sane
260 947 328 1005 iecit,
356 947 424 1010 quod
439 955 466 995 tu
478 948 632 1009 reprendere
645 947 743 1009 possis:

134 1052 186 1084 non
199 1036 314 1097 Pyladen
326 1036 394 1084 ferro
406 1036 503 1083 violare
515 1050 622 1084 aususve
635 1042 775 1084 sororemst

71 1134 118 1174 1411
133 1125 268 1185 Electram,
277 1132 377 1173 tantum
390 1124 519 1172 maledicit
531 1125 632 1186 utrique
646 1124 763 1171 vocando

132 1214 199 1261 hanc
210 1213 321 1272 Furiam,
336 1212 403 1260 hunc
417 1212 495 1270 aliud,
505 1212 578 1261 iussit
588 1213 657 1274 quod
670 1212 807 1274 splendida
818 1213 890 1261 bilis.
942 1262 943 1271 ,

133 1317 229 1365 pauper
242 1301 357 1365 Opimius
371 1302 470 1364 argenti
483 1300 560 1364 positi
572 1289 640 1349 intus
653 1308 678 1349 et
696 1301 760 1359 auri,

133 1391 176 1453 qui
188 1390 359 1438 Veientanum
372 1389 444 1437 iestis
457 1398 548 1452 potare
562 1389 649 1436 diebus

132 1478 264 1540 Campana
276 1478 367 1525 solitus
381 1478 458 1526 trulla
470 1492 631 1540 vappamque
644 1477 772 1539 profestis,

70 1576 116 1616 141
132 1566 261 1629 quondam
274 1566 390 1628 lethargo
403 1566 493 1628 grandi
508 1575 546 1615 est
558 1580 705 1629 oppressus,
721 1575 747 1614 ut
759 1567 834 1615 heres

130 1657 180 1703 iam
193 1655 288 1702 circum
301 1654 400 1701 loculos
414 1661 439 1702 et
453 1655 532 1702 clavis
546 1655 628 1702 laetus
641 1667 772 1717 ovansque

131 1751 248 1791 curreret.
276 1743 345 1790 hunc
357 1744 469 1791 medicus
483 1743 591 1790 multum
604 1743 671 1791 celer
683 1749 762 1805 atque
775 1743 857 1791 fidelis

131 1831 225 1879 excitat
238 1832 287 1878 hoc
301 1840 390 1893 pacto:
412 1846 529 1879 mensam
542 1831 604 1894 poni
616 1831 685 1878 iubet
697 1837 775 1892 atque

130 1920 224 1969 effundi
238 1934 327 1967 saccos
342 1934 511 1978 nummorum,
527 1920 650 1967 accedere
664 1919 743 1982 pluris

68 2018 115 2057 150
130 2010 162 2056 ad
175 2008 374 2057 numerandum:
390 2007 520 2056 hominem
533 2009 570 2056 sic
583 2009 665 2070 erigit.
688 2008 759 2055 addit
772 2015 797 2055 et
809 2007 885 2060 illud.

129 2097 164 2145 ‘ni
177 2105 221 2145 tua
233 2096 354 2154 custodis,
371 2097 458 2144 avidus
472 2098 523 2145 iam
537 2097 600 2145 haec
614 2095 712 2144 auferet
724 2096 821 2143 heres?

127 2186 193 2234 ‘men
201 2185 281 2233 vivo?'
289 2185 493 2246 ‘utrivaaigitum
503 2185 590 2248 vigila.
606 2186 655 2233 hcc
663 2184 732 2247 age'
743 2184 813 2246 ‘quid
825 2184 888 2231 ris?

128 2274 254 2323 ‘deficient
266 2274 371 2337 inopem
384 2288 463 2321 venae
476 2282 510 2333 tc,
526 2275 552 2322 ni
567 2275 637 2322 cibus
651 2281 729 2335 atque

128 2361 219 2423 ingens
232 2362 331 2411 accedit
344 2363 477 2410 stomacho
491 2364 585 2411 fultura
598 2363 690 2411 ruenti.

68 2457 115 2496 151
129 2457 156 2496 tu
169 2450 269 2497 cessas?
283 2452 401 2513 agedum,
417 2466 489 2499 sume
502 2451 551 2499 hoc
564 2452 731 2513 ptisanarium
744 2451 857 2511 oryzae.¹

128 2538 226 2599 ‘quanti
237 2539 362 2602 emptaei’
378 2540 487 2602 ‘parvo'
503 2540 600 2602 ‘quanti
612 2540 699 2602 ergo?'
710 2539 885 2587 ‘octuasibus.'

488 2628 572 2676 ‘eheu
