<?xml version="1.0" encoding="UTF-8"?>
<!DOCTYPE html PUBLIC "-//W3C//DTD XHTML 1.0 Transitional//EN"
    "http://www.w3.org/TR/xhtml1/DTD/xhtml1-transitional.dtd">
<html xmlns="http://www.w3.org/1999/xhtml" xml:lang="en" lang="en">
 <head>
  <title>
</title>
<meta http-equiv="Content-Type" content="text/html;charset=utf-8" />
  <meta name='ocr-system' content='tesseract 3.04.00' />
  <meta name='ocr-capabilities' content='ocr_page ocr_carea ocr_par ocr_line ocrx_word'/>
</head>
<body>
  <div class='ocr_page' id='page_1' title='image "./opera00haupgoog_0329.png"; bbox 0 0 1917 3117; ppageno 0'>
   <div class='ocr_carea' id='block_1_1' title="bbox 395 181 821 231">
    <p class='ocr_par' dir='ltr' id='par_1_1' title="bbox 395 181 821 231">
     <span class='ocr_line' id='line_1_1' title="bbox 395 181 821 231; baseline 0.005 -14"><span class='ocrx_word' id='word_1_1' title='bbox 395 181 484 219; x_wconf 77' lang='lat' dir='ltr'>uranu</span> <span class='ocrx_word' id='word_1_2' title='bbox 498 182 519 219; x_wconf 91' lang='lat'>1.</span> <span class='ocrx_word' id='word_1_3' title='bbox 768 181 821 231; x_wconf 72' lang='lat'>305</span> 
     </span>
    </p>
   </div>
   <div class='ocr_carea' id='block_1_2' title="bbox 96 338 764 576">
    <p class='ocr_par' dir='ltr' id='par_1_2' title="bbox 96 338 764 576">
     <span class='ocr_line' id='line_1_2' title="bbox 96 338 727 401; baseline 0.003 -16"><span class='ocrx_word' id='word_1_4' title='bbox 96 338 135 385; x_wconf 92' lang='lat' dir='ltr'>vel</span> <span class='ocrx_word' id='word_1_5' title='bbox 149 351 223 384; x_wconf 90' lang='lat' dir='ltr'>cursu</span> <span class='ocrx_word' id='word_1_6' title='bbox 236 349 355 398; x_wconf 85' lang='lat' dir='ltr'>superare</span> <span class='ocrx_word' id='word_1_7' title='bbox 369 350 459 384; x_wconf 88' lang='lat' dir='ltr'>canem</span> <span class='ocrx_word' id='word_1_8' title='bbox 471 338 512 385; x_wconf 90' lang='lat' dir='ltr'>vel</span> <span class='ocrx_word' id='word_1_9' title='bbox 524 338 619 386; x_wconf 85' lang='lat' dir='ltr'>viribus</span> <span class='ocrx_word' id='word_1_10' title='bbox 638 353 727 401; x_wconf 88' lang='lat' dir='ltr'>aprum</span> 
     </span>
     <span class='ocr_line' id='line_1_3' title="bbox 97 424 716 488; baseline 0.002 -16"><span class='ocrx_word' id='word_1_11' title='bbox 97 426 188 488; x_wconf 86' lang='lat' dir='ltr'>possis.</span> <span class='ocrx_word' id='word_1_12' title='bbox 218 424 293 483; x_wconf 85' lang='lat' dir='ltr'>addc,</span> <span class='ocrx_word' id='word_1_13' title='bbox 308 425 392 472; x_wconf 90' lang='lat' dir='ltr'>virilia</span> <span class='ocrx_word' id='word_1_14' title='bbox 406 427 475 487; x_wconf 87' lang='lat' dir='ltr'>qnod</span> <span class='ocrx_word' id='word_1_15' title='bbox 490 427 632 488; x_wconf 75' lang='lat' dir='ltr'>speciosius</span> <span class='ocrx_word' id='word_1_16' title='bbox 645 441 716 474; x_wconf 89' lang='lat' dir='ltr'>arma</span> 
     </span>
     <span class='ocr_line' id='line_1_4' title="bbox 96 514 764 576; baseline 0.001 -15"><span class='ocrx_word' id='word_1_17' title='bbox 96 529 149 561; x_wconf 90' lang='lat' dir='ltr'>non</span> <span class='ocrx_word' id='word_1_18' title='bbox 163 514 257 576; x_wconf 88' lang='lat' dir='ltr'>estqui</span> <span class='ocrx_word' id='word_1_19' title='bbox 270 520 374 561; x_wconf 86' lang='lat' dir='ltr'>tractet:</span> <span class='ocrx_word' id='word_1_20' title='bbox 396 515 446 561; x_wconf 91' lang='lat' dir='ltr'>scis</span> <span class='ocrx_word' id='word_1_21' title='bbox 460 529 512 576; x_wconf 90' lang='lat' dir='ltr'>quo</span> <span class='ocrx_word' id='word_1_22' title='bbox 526 515 638 562; x_wconf 88' lang='lat' dir='ltr'>clamore</span> <span class='ocrx_word' id='word_1_23' title='bbox 652 528 764 563; x_wconf 88' lang='lat' dir='ltr'>coronae</span> 
     </span>
    </p>
   </div>
   <div class='ocr_carea' id='block_1_3' title="bbox 51 602 762 1106">
    <p class='ocr_par' dir='ltr' id='par_1_3' title="bbox 51 602 756 753">
     <span class='ocr_line' id='line_1_5' title="bbox 92 602 756 669; baseline 0 -20"><span class='ocrx_word' id='word_1_24' title='bbox 92 604 195 669; x_wconf 89' lang='lat' dir='ltr'>proclia</span> <span class='ocrx_word' id='word_1_25' title='bbox 208 603 334 650; x_wconf 78' lang='lat' dir='ltr'>sustineas</span> <span class='ocrx_word' id='word_1_26' title='bbox 347 603 514 665; x_wconf 81' lang='lat' dir='ltr'>campestria3</span> <span class='ocrx_word' id='word_1_27' title='bbox 531 602 642 664; x_wconf 89' lang='lat' dir='ltr'>denique</span> <span class='ocrx_word' id='word_1_28' title='bbox 654 617 756 650; x_wconf 86' lang='lat' dir='ltr'>saevam</span> 
     </span>
     <span class='ocr_line' id='line_1_6' title="bbox 51 689 675 753; baseline -0.003 -14"><span class='ocrx_word' id='word_1_29' title='bbox 51 699 82 740; x_wconf 81' lang='lat'>55</span> <span class='ocrx_word' id='word_1_30' title='bbox 97 691 213 738; x_wconf 87' lang='lat' dir='ltr'>militiam</span> <span class='ocrx_word' id='word_1_31' title='bbox 224 705 289 753; x_wconf 90' lang='lat' dir='ltr'>puer</span> <span class='ocrx_word' id='word_1_32' title='bbox 302 698 328 738; x_wconf 90' lang='lat' dir='ltr'>et</span> <span class='ocrx_word' id='word_1_33' title='bbox 341 689 497 739; x_wconf 84' lang='lat' dir='ltr'>Cantabrica</span> <span class='ocrx_word' id='word_1_34' title='bbox 514 691 583 739; x_wconf 90' lang='lat' dir='ltr'>bella</span> <span class='ocrx_word' id='word_1_35' title='bbox 596 691 675 738; x_wconf 83' lang='lat' dir='ltr'>tulisti</span> 
     </span>
    </p>

    <p class='ocr_par' dir='ltr' id='par_1_4' title="bbox 97 778 744 841">
     <span class='ocr_line' id='line_1_7' title="bbox 97 778 744 841; baseline 0.005 -16"><span class='ocrx_word' id='word_1_36' title='bbox 97 779 143 826; x_wconf 93' lang='lat' dir='ltr'>sub</span> <span class='ocrx_word' id='word_1_37' title='bbox 157 778 221 826; x_wconf 87' lang='lat' dir='ltr'>duce</span> <span class='ocrx_word' id='word_1_38' title='bbox 235 778 277 840; x_wconf 91' lang='lat' dir='ltr'>qui</span> <span class='ocrx_word' id='word_1_39' title='bbox 292 779 394 841; x_wconf 87' lang='lat' dir='ltr'>templis</span> <span class='ocrx_word' id='word_1_40' title='bbox 408 779 562 826; x_wconf 81' lang='lat' dir='ltr'>Parthorum</span> <span class='ocrx_word' id='word_1_41' title='bbox 574 778 649 841; x_wconf 85' lang='lat' dir='ltr'>signa</span> <span class='ocrx_word' id='word_1_42' title='bbox 662 780 744 841; x_wconf 83' lang='lat' dir='ltr'>refigit</span> 
     </span>
    </p>

    <p class='ocr_par' dir='ltr' id='par_1_5' title="bbox 97 865 724 928">
     <span class='ocr_line' id='line_1_8' title="bbox 97 865 724 928; baseline -0.003 -13"><span class='ocrx_word' id='word_1_43' title='bbox 97 881 174 923; x_wconf 83' lang='lat' dir='ltr'>nnnc,</span> <span class='ocrx_word' id='word_1_44' title='bbox 190 873 216 914; x_wconf 88' lang='lat' dir='ltr'>et</span> <span class='ocrx_word' id='word_1_45' title='bbox 228 865 313 928; x_wconf 90' lang='lat' dir='ltr'>siquid</span> <span class='ocrx_word' id='word_1_46' title='bbox 326 867 398 915; x_wconf 80' lang='lat' dir='ltr'>abest</span> <span class='ocrx_word' id='word_1_47' title='bbox 410 867 482 914; x_wconf 88' lang='lat' dir='ltr'>Italis</span> <span class='ocrx_word' id='word_1_48' title='bbox 495 868 625 916; x_wconf 86' lang='lat' dir='ltr'>adiudicat</span> <span class='ocrx_word' id='word_1_49' title='bbox 637 867 724 914; x_wconf 88' lang='lat' dir='ltr'>armis.</span> 
     </span>
    </p>

    <p class='ocr_par' dir='ltr' id='par_1_6' title="bbox 96 955 659 1014">
     <span class='ocr_line' id='line_1_9' title="bbox 96 955 659 1014; baseline 0 -12"><span class='ocrx_word' id='word_1_50' title='bbox 96 970 126 1002; x_wconf 90' lang='lat' dir='ltr'>ac</span> <span class='ocrx_word' id='word_1_51' title='bbox 140 968 173 1003; x_wconf 91' lang='lat' dir='ltr'>ne</span> <span class='ocrx_word' id='word_1_52' title='bbox 185 962 210 1002; x_wconf 89' lang='lat' dir='ltr'>te</span> <span class='ocrx_word' id='word_1_53' title='bbox 222 955 336 1003; x_wconf 78' lang='lat' dir='ltr'>retrahas</span> <span class='ocrx_word' id='word_1_54' title='bbox 349 963 374 1002; x_wconf 88' lang='lat' dir='ltr'>et</span> <span class='ocrx_word' id='word_1_55' title='bbox 386 956 568 1003; x_wconf 82' lang='lat' dir='ltr'>inexcusabilis</span> <span class='ocrx_word' id='word_1_56' title='bbox 582 955 659 1014; x_wconf 88' lang='lat' dir='ltr'>absis,</span> 
     </span>
    </p>

    <p class='ocr_par' dir='ltr' id='par_1_7' title="bbox 97 1043 762 1106">
     <span class='ocr_line' id='line_1_10' title="bbox 97 1043 762 1106; baseline 0.002 -17"><span class='ocrx_word' id='word_1_57' title='bbox 97 1043 210 1105; x_wconf 85' lang='lat' dir='ltr'>quamvis</span> <span class='ocrx_word' id='word_1_58' title='bbox 224 1043 260 1089; x_wconf 94' lang='lat' dir='ltr'>nil</span> <span class='ocrx_word' id='word_1_59' title='bbox 273 1052 344 1090; x_wconf 84' lang='lat' dir='ltr'>extra</span> <span class='ocrx_word' id='word_1_60' title='bbox 356 1057 490 1091; x_wconf 88' lang='lat' dir='ltr'>numerum</span> <span class='ocrx_word' id='word_1_61' title='bbox 503 1043 595 1091; x_wconf 82' lang='lat' dir='ltr'>iecisse</span> <span class='ocrx_word' id='word_1_62' title='bbox 607 1044 762 1106; x_wconf 87' lang='lat' dir='ltr'>modumque</span> 
     </span>
    </p>
   </div>
   <div class='ocr_carea' id='block_1_4' title="bbox 48 1131 835 2787">
    <p class='ocr_par' dir='ltr' id='par_1_8' title="bbox 50 1131 732 1535">
     <span class='ocr_line' id='line_1_11' title="bbox 50 1131 732 1194; baseline -0.006 -12"><span class='ocrx_word' id='word_1_63' title='bbox 50 1140 82 1181; x_wconf 81' lang='lat'>60</span> <span class='ocrx_word' id='word_1_64' title='bbox 99 1146 181 1190; x_wconf 86' lang='lat' dir='ltr'>curas,</span> <span class='ocrx_word' id='word_1_65' title='bbox 196 1131 325 1178; x_wconf 88' lang='lat' dir='ltr'>interdum</span> <span class='ocrx_word' id='word_1_66' title='bbox 338 1132 442 1193; x_wconf 84' lang='lat' dir='ltr'>nugaris</span> <span class='ocrx_word' id='word_1_67' title='bbox 455 1146 514 1179; x_wconf 86' lang='lat' dir='ltr'>rure</span> <span class='ocrx_word' id='word_1_68' title='bbox 527 1139 649 1194; x_wconf 86' lang='lat' dir='ltr'>paterno:</span> <span class='ocrx_word' id='word_1_69' title='bbox 730 1166 732 1169; x_wconf 29' lang='grc' dir='ltr'>ψ</span> 
     </span>
     <span class='ocr_line' id='line_1_12' title="bbox 96 1219 637 1283; baseline -0.004 -15"><span class='ocrx_word' id='word_1_70' title='bbox 96 1220 203 1283; x_wconf 87' lang='lat' dir='ltr'>partitur</span> <span class='ocrx_word' id='word_1_71' title='bbox 214 1219 299 1268; x_wconf 87' lang='lat' dir='ltr'>lintris</span> <span class='ocrx_word' id='word_1_72' title='bbox 312 1220 445 1279; x_wconf 80' lang='lat' dir='ltr'>exercitus,</span> <span class='ocrx_word' id='word_1_73' title='bbox 460 1220 537 1267; x_wconf 84' lang='lat' dir='ltr'>Actia</span> <span class='ocrx_word' id='word_1_74' title='bbox 550 1234 637 1282; x_wconf 82' lang='lat' dir='ltr'>pugna</span> 
     </span>
     <span class='ocr_line' id='line_1_13' title="bbox 95 1308 676 1371; baseline -0.003 -14"><span class='ocrx_word' id='word_1_75' title='bbox 95 1317 121 1357; x_wconf 89' lang='lat' dir='ltr'>te</span> <span class='ocrx_word' id='word_1_76' title='bbox 134 1309 198 1356; x_wconf 91' lang='lat' dir='ltr'>duce</span> <span class='ocrx_word' id='word_1_77' title='bbox 210 1323 256 1371; x_wconf 89' lang='lat' dir='ltr'>per</span> <span class='ocrx_word' id='word_1_78' title='bbox 268 1323 362 1371; x_wconf 89' lang='lat' dir='ltr'>pueros</span> <span class='ocrx_word' id='word_1_79' title='bbox 375 1309 462 1356; x_wconf 91' lang='lat' dir='ltr'>hostili</span> <span class='ocrx_word' id='word_1_80' title='bbox 474 1322 548 1357; x_wconf 87' lang='lat' dir='ltr'>more</span> <span class='ocrx_word' id='word_1_81' title='bbox 560 1308 676 1365; x_wconf 83' lang='lat' dir='ltr'>refertur,</span> 
     </span>
     <span class='ocr_line' id='line_1_14' title="bbox 97 1396 714 1456; baseline -0.002 -12"><span class='ocrx_word' id='word_1_82' title='bbox 97 1398 257 1445; x_wconf 85' lang='lat' dir='ltr'>adversarius</span> <span class='ocrx_word' id='word_1_83' title='bbox 270 1405 309 1446; x_wconf 89' lang='lat' dir='ltr'>est</span> <span class='ocrx_word' id='word_1_84' title='bbox 321 1397 408 1456; x_wconf 87' lang='lat' dir='ltr'>frater,</span> <span class='ocrx_word' id='word_1_85' title='bbox 425 1399 497 1446; x_wconf 87' lang='lat' dir='ltr'>lacus</span> <span class='ocrx_word' id='word_1_86' title='bbox 510 1396 615 1455; x_wconf 87' lang='lat' dir='ltr'>Hadria,</span> <span class='ocrx_word' id='word_1_87' title='bbox 632 1396 714 1444; x_wconf 86' lang='lat' dir='ltr'>donec</span> 
     </span>
     <span class='ocr_line' id='line_1_15' title="bbox 96 1486 688 1535; baseline -0.003 -2"><span class='ocrx_word' id='word_1_88' title='bbox 96 1486 244 1534; x_wconf 87' lang='lat' dir='ltr'>alterutrum</span> <span class='ocrx_word' id='word_1_89' title='bbox 256 1487 332 1534; x_wconf 83' lang='lat' dir='ltr'>velox</span> <span class='ocrx_word' id='word_1_90' title='bbox 344 1486 451 1535; x_wconf 88' lang='lat' dir='ltr'>victoria</span> <span class='ocrx_word' id='word_1_91' title='bbox 463 1487 555 1534; x_wconf 86' lang='lat' dir='ltr'>fronde</span> <span class='ocrx_word' id='word_1_92' title='bbox 568 1492 688 1534; x_wconf 87' lang='lat' dir='ltr'>coronet:</span> 
     </span>
    </p>

    <p class='ocr_par' dir='ltr' id='par_1_9' title="bbox 49 1575 774 1990">
     <span class='ocr_line' id='line_1_16' title="bbox 49 1575 657 1637; baseline -0.003 -13"><span class='ocrx_word' id='word_1_93' title='bbox 49 1583 82 1624; x_wconf 79' lang='lat'>65</span> <span class='ocrx_word' id='word_1_94' title='bbox 97 1575 241 1622; x_wconf 80' lang='lat' dir='ltr'>consentire</span> <span class='ocrx_word' id='word_1_95' title='bbox 253 1575 305 1621; x_wconf 87' lang='lat' dir='ltr'>suis</span> <span class='ocrx_word' id='word_1_96' title='bbox 318 1575 407 1624; x_wconf 85' lang='lat' dir='ltr'>studiis</span> <span class='ocrx_word' id='word_1_97' title='bbox 421 1577 463 1637; x_wconf 89' lang='lat' dir='ltr'>qui</span> <span class='ocrx_word' id='word_1_98' title='bbox 477 1575 612 1624; x_wconf 80' lang='lat' dir='ltr'>crediderit</span> <span class='ocrx_word' id='word_1_99' title='bbox 624 1581 657 1633; x_wconf 85' lang='lat' dir='ltr'>te,</span> 
     </span>
     <span class='ocr_line' id='line_1_17' title="bbox 95 1662 723 1726; baseline -0.002 -17"><span class='ocrx_word' id='word_1_100' title='bbox 95 1663 180 1709; x_wconf 84' lang='lat' dir='ltr'>fautor</span> <span class='ocrx_word' id='word_1_101' title='bbox 192 1669 301 1723; x_wconf 88' lang='lat' dir='ltr'>utroque</span> <span class='ocrx_word' id='word_1_102' title='bbox 313 1670 384 1711; x_wconf 90' lang='lat' dir='ltr'>tuum</span> <span class='ocrx_word' id='word_1_103' title='bbox 395 1664 511 1713; x_wconf 81' lang='lat' dir='ltr'>laudabit</span> <span class='ocrx_word' id='word_1_104' title='bbox 521 1664 615 1726; x_wconf 89' lang='lat' dir='ltr'>pollice</span> <span class='ocrx_word' id='word_1_105' title='bbox 627 1662 723 1711; x_wconf 87' lang='lat' dir='ltr'>ludum.</span> 
     </span>
     <span class='ocr_line' id='line_1_18' title="bbox 95 1749 774 1813; baseline 0 -16"><span class='ocrx_word' id='word_1_106' title='bbox 95 1750 211 1813; x_wconf 88' lang='lat' dir='ltr'>protinus</span> <span class='ocrx_word' id='word_1_107' title='bbox 224 1757 252 1797; x_wconf 94' lang='lat' dir='ltr'>ut</span> <span class='ocrx_word' id='word_1_108' title='bbox 263 1764 382 1798; x_wconf 88' lang='lat' dir='ltr'>moneam</span> <span class='ocrx_word' id='word_1_109' title='bbox 396 1751 492 1813; x_wconf 88' lang='lat' dir='ltr'>(siquid</span> <span class='ocrx_word' id='word_1_110' title='bbox 505 1751 639 1799; x_wconf 88' lang='lat' dir='ltr'>monitoris</span> <span class='ocrx_word' id='word_1_111' title='bbox 653 1764 713 1811; x_wconf 86' lang='lat' dir='ltr'>eges</span> <span class='ocrx_word' id='word_1_112' title='bbox 725 1749 774 1809; x_wconf 87' lang='lat' dir='ltr'>tu),</span> 
     </span>
     <span class='ocr_line' id='line_1_19' title="bbox 96 1837 768 1900; baseline -0.006 -14"><span class='ocrx_word' id='word_1_113' title='bbox 96 1838 156 1900; x_wconf 88' lang='lat' dir='ltr'>qnid</span> <span class='ocrx_word' id='word_1_114' title='bbox 170 1837 201 1885; x_wconf 88' lang='lat' dir='ltr'>de</span> <span class='ocrx_word' id='word_1_115' title='bbox 215 1851 317 1900; x_wconf 87' lang='lat' dir='ltr'>quoque</span> <span class='ocrx_word' id='word_1_116' title='bbox 330 1839 384 1885; x_wconf 89' lang='lat' dir='ltr'>viro</span> <span class='ocrx_word' id='word_1_117' title='bbox 399 1849 424 1887; x_wconf 89' lang='lat' dir='ltr'>et</span> <span class='ocrx_word' id='word_1_118' title='bbox 437 1840 477 1886; x_wconf 91' lang='lat' dir='ltr'>cui</span> <span class='ocrx_word' id='word_1_119' title='bbox 491 1840 569 1896; x_wconf 85' lang='lat' dir='ltr'>dicas,</span> <span class='ocrx_word' id='word_1_120' title='bbox 585 1851 662 1900; x_wconf 85' lang='lat' dir='ltr'>saepe</span> <span class='ocrx_word' id='word_1_121' title='bbox 674 1838 768 1885; x_wconf 85' lang='lat' dir='ltr'>videto.</span> 
     </span>
     <span class='ocr_line' id='line_1_20' title="bbox 95 1925 738 1990; baseline -0.005 -16"><span class='ocrx_word' id='word_1_122' title='bbox 95 1933 302 1990; x_wconf 86' lang='lat' dir='ltr'>percontatorem</span> <span class='ocrx_word' id='word_1_123' title='bbox 315 1925 413 1988; x_wconf 80' lang='lat' dir='ltr'>fugito:</span> <span class='ocrx_word' id='word_1_124' title='bbox 435 1941 496 1973; x_wconf 88' lang='lat' dir='ltr'>narn</span> <span class='ocrx_word' id='word_1_125' title='bbox 508 1926 625 1988; x_wconf 83' lang='lat' dir='ltr'>garrulus</span> <span class='ocrx_word' id='word_1_126' title='bbox 637 1926 738 1984; x_wconf 86' lang='lat' dir='ltr'>idemst,</span> 
     </span>
    </p>

    <p class='ocr_par' dir='ltr' id='par_1_10' title="bbox 49 2014 748 2431">
     <span class='ocr_line' id='line_1_21' title="bbox 49 2014 748 2076; baseline -0.007 -11"><span class='ocrx_word' id='word_1_127' title='bbox 49 2025 81 2067; x_wconf 74' lang='grc' dir='ltr'>το</span> <span class='ocrx_word' id='word_1_128' title='bbox 97 2029 145 2063; x_wconf 84' lang='lat' dir='ltr'>nec</span> <span class='ocrx_word' id='word_1_129' title='bbox 157 2015 269 2063; x_wconf 88' lang='lat' dir='ltr'>retinent</span> <span class='ocrx_word' id='word_1_130' title='bbox 280 2014 384 2076; x_wconf 87' lang='lat' dir='ltr'>patulae</span> <span class='ocrx_word' id='word_1_131' title='bbox 397 2015 534 2062; x_wconf 85' lang='lat' dir='ltr'>commissa</span> <span class='ocrx_word' id='word_1_132' title='bbox 545 2014 653 2061; x_wconf 83' lang='lat' dir='ltr'>fideliter</span> <span class='ocrx_word' id='word_1_133' title='bbox 665 2027 748 2071; x_wconf 86' lang='lat' dir='ltr'>aures,</span> 
     </span>
     <span class='ocr_line' id='line_1_22' title="bbox 97 2101 741 2152; baseline -0.008 0"><span class='ocrx_word' id='word_1_134' title='bbox 97 2111 122 2152; x_wconf 86' lang='lat' dir='ltr'>et</span> <span class='ocrx_word' id='word_1_135' title='bbox 135 2104 213 2151; x_wconf 86' lang='lat' dir='ltr'>semol</span> <span class='ocrx_word' id='word_1_136' title='bbox 226 2103 346 2151; x_wconf 89' lang='lat' dir='ltr'>emissum</span> <span class='ocrx_word' id='word_1_137' title='bbox 359 2105 429 2152; x_wconf 85' lang='lat' dir='ltr'>volat</span> <span class='ocrx_word' id='word_1_138' title='bbox 445 2101 617 2151; x_wconf 86' lang='lat' dir='ltr'>inrevocabile</span> <span class='ocrx_word' id='word_1_139' title='bbox 629 2102 741 2149; x_wconf 87' lang='lat' dir='ltr'>verbum.</span> 
     </span>
     <span class='ocr_line' id='line_1_23' title="bbox 96 2190 704 2252; baseline -0.007 -11"><span class='ocrx_word' id='word_1_140' title='bbox 96 2207 151 2241; x_wconf 92' lang='lat' dir='ltr'>non</span> <span class='ocrx_word' id='word_1_141' title='bbox 164 2191 259 2240; x_wconf 84' lang='lat' dir='ltr'>ancilla</span> <span class='ocrx_word' id='word_1_142' title='bbox 270 2200 340 2240; x_wconf 90' lang='lat' dir='ltr'>tuum</span> <span class='ocrx_word' id='word_1_143' title='bbox 352 2193 422 2240; x_wconf 89' lang='lat' dir='ltr'>iecur</span> <span class='ocrx_word' id='word_1_144' title='bbox 433 2192 531 2239; x_wconf 85' lang='lat' dir='ltr'>ulceret</span> <span class='ocrx_word' id='word_1_145' title='bbox 543 2190 598 2238; x_wconf 85' lang='lat' dir='ltr'>ulla</span> <span class='ocrx_word' id='word_1_146' title='bbox 610 2203 704 2252; x_wconf 83' lang='lat' dir='ltr'>puerve</span> 
     </span>
     <span class='ocr_line' id='line_1_24' title="bbox 96 2277 684 2337; baseline -0.005 -9"><span class='ocrx_word' id='word_1_147' title='bbox 96 2282 164 2329; x_wconf 86' lang='lat' dir='ltr'>intra</span> <span class='ocrx_word' id='word_1_148' title='bbox 176 2295 345 2328; x_wconf 89' lang='lat' dir='ltr'>marmoreum</span> <span class='ocrx_word' id='word_1_149' title='bbox 358 2281 497 2328; x_wconf 86' lang='lat' dir='ltr'>venerandi</span> <span class='ocrx_word' id='word_1_150' title='bbox 509 2280 587 2327; x_wconf 87' lang='lat' dir='ltr'>limen</span> <span class='ocrx_word' id='word_1_151' title='bbox 602 2277 684 2337; x_wconf 85' lang='lat' dir='ltr'>amici,</span> 
     </span>
     <span class='ocr_line' id='line_1_25' title="bbox 97 2367 693 2431; baseline -0.007 -14"><span class='ocrx_word' id='word_1_152' title='bbox 97 2383 131 2417; x_wconf 88' lang='lat' dir='ltr'>ne</span> <span class='ocrx_word' id='word_1_153' title='bbox 144 2370 262 2417; x_wconf 88' lang='lat' dir='ltr'>dominus</span> <span class='ocrx_word' id='word_1_154' title='bbox 275 2370 346 2431; x_wconf 90' lang='lat' dir='ltr'>pueri</span> <span class='ocrx_word' id='word_1_155' title='bbox 359 2369 459 2431; x_wconf 91' lang='lat' dir='ltr'>pulchri</span> <span class='ocrx_word' id='word_1_156' title='bbox 473 2381 578 2417; x_wconf 85' lang='lat' dir='ltr'>caraeve</span> <span class='ocrx_word' id='word_1_157' title='bbox 591 2367 693 2429; x_wconf 89' lang='lat' dir='ltr'>puellae</span> 
     </span>
    </p>

    <p class='ocr_par' dir='ltr' id='par_1_11' title="bbox 48 2456 835 2698">
     <span class='ocr_line' id='line_1_26' title="bbox 48 2456 748 2521; baseline -0.007 -15"><span class='ocrx_word' id='word_1_158' title='bbox 48 2470 81 2510; x_wconf 77' lang='lat'>&#39;15</span> <span class='ocrx_word' id='word_1_159' title='bbox 96 2472 202 2506; x_wconf 89' lang='lat' dir='ltr'>munere</span> <span class='ocrx_word' id='word_1_160' title='bbox 213 2467 239 2506; x_wconf 91' lang='lat' dir='ltr'>te</span> <span class='ocrx_word' id='word_1_161' title='bbox 252 2471 330 2521; x_wconf 88' lang='lat' dir='ltr'>parvo</span> <span class='ocrx_word' id='word_1_162' title='bbox 344 2458 403 2505; x_wconf 84' lang='lat' dir='ltr'>beet</span> <span class='ocrx_word' id='word_1_163' title='bbox 415 2466 459 2505; x_wconf 85' lang='lat' dir='ltr'>aut</span> <span class='ocrx_word' id='word_1_164' title='bbox 469 2456 648 2511; x_wconf 82' lang='lat' dir='ltr'>incommodus</span> <span class='ocrx_word' id='word_1_165' title='bbox 661 2461 748 2517; x_wconf 84' lang='lat' dir='ltr'>angat.</span> 
     </span>
     <span class='ocr_line' id='line_1_27' title="bbox 97 2544 835 2609; baseline -0.005 -16"><span class='ocrx_word' id='word_1_166' title='bbox 97 2547 200 2609; x_wconf 87' lang='lat' dir='ltr'>qualem</span> <span class='ocrx_word' id='word_1_167' title='bbox 208 2547 372 2594; x_wconf 86' lang='lat' dir='ltr'>commendes</span> <span class='ocrx_word' id='word_1_168' title='bbox 379 2547 455 2594; x_wconf 86' lang='lat' dir='ltr'>etiam</span> <span class='ocrx_word' id='word_1_169' title='bbox 462 2553 539 2608; x_wconf 89' lang='lat' dir='ltr'>atque</span> <span class='ocrx_word' id='word_1_170' title='bbox 546 2546 622 2594; x_wconf 86' lang='lat' dir='ltr'>etiam</span> <span class='ocrx_word' id='word_1_171' title='bbox 629 2544 724 2606; x_wconf 85' lang='lat' dir='ltr'>aspice,</span> <span class='ocrx_word' id='word_1_172' title='bbox 732 2555 835 2592; x_wconf 84' lang='lat' dir='ltr'>nemox</span> 
     </span>
     <span class='ocr_line' id='line_1_28' title="bbox 96 2635 642 2698; baseline -0.004 -16"><span class='ocrx_word' id='word_1_173' title='bbox 96 2635 221 2683; x_wconf 89' lang='lat' dir='ltr'>incutiant</span> <span class='ocrx_word' id='word_1_174' title='bbox 233 2635 318 2682; x_wconf 86' lang='lat' dir='ltr'>aliena</span> <span class='ocrx_word' id='word_1_175' title='bbox 330 2635 377 2682; x_wconf 92' lang='lat' dir='ltr'>tibi</span> <span class='ocrx_word' id='word_1_176' title='bbox 390 2643 497 2698; x_wconf 85' lang='lat' dir='ltr'>peccata</span> <span class='ocrx_word' id='word_1_177' title='bbox 510 2636 642 2698; x_wconf 87' lang='lat' dir='ltr'>pudorem.</span> 
     </span>
    </p>

    <p class='ocr_par' dir='ltr' id='par_1_12' title="bbox 140 2735 673 2787">
     <span class='ocr_line' id='line_1_29' title="bbox 140 2735 673 2787; baseline 0.006 -16"><span class='ocrx_word' id='word_1_178' title='bbox 140 2736 235 2772; x_wconf 83' lang='lat' dir='ltr'>lloratlus.</span> <span class='ocrx_word' id='word_1_179' title='bbox 252 2735 282 2772; x_wconf 81' lang='lat' dir='ltr'>cd.</span> <span class='ocrx_word' id='word_1_180' title='bbox 292 2737 314 2772; x_wconf 86' lang='lat' dir='ltr'>ll.</span> <span class='ocrx_word' id='word_1_181' title='bbox 642 2745 673 2787; x_wconf 76' lang='lat'>20</span> 
     </span>
    </p>
   </div>
   <div class='ocr_carea' id='block_1_5' title="bbox 0 0 964 3117">
    <p class='ocr_par' dir='ltr' id='par_1_13' title="bbox 0 0 964 3117">
     <span class='ocr_line' id='line_1_30' title="bbox 0 0 964 3117; baseline 0 0"><span class='ocrx_word' id='word_1_182' title='bbox 0 0 964 3117; x_wconf 95' lang='lat' dir='ltr'> </span> 
     </span>
    </p>
   </div>
  </div>
 </body>
</html>
