1917 3117
111 183 164 234 104
422 182 542 222 nronon

111 342 205 390 amoris
219 350 288 390 esset
300 341 430 404 poculum,

111 431 274 479 interminato
288 444 345 478 cum
359 431 437 478 semel
450 429 518 477 fixae
531 429 588 477 cibo

59 527 92 569 tt
112 518 281 567 intabuissent
293 518 413 581 pupulae.

112 622 165 655 non
180 606 291 656 defuisse
303 607 433 654 masculae
445 605 558 654 libidinis

111 696 301 744 Ariminensem
313 695 412 742 Foliam

114 793 139 833 et
150 784 235 832 otiosa
247 782 354 831 credidit
366 782 488 846 Neapolis

113 881 138 922 et
150 887 226 921 omne
238 872 349 920 vicinum
361 871 493 933 oppidum,

61 971 93 1011 lt
115 976 181 1025 quae
194 962 278 1009 sidera
290 968 425 1009 excantata
437 974 500 1007 voce
512 960 637 1008 Thessala

114 1051 253 1112 lunamque
265 1049 337 1097 caelo
351 1049 450 1111 deripit.

114 1139 155 1187 bio
167 1139 322 1187 inresectum
335 1152 412 1185 saeva
424 1138 500 1185 dente
512 1136 590 1184 livido

115 1227 223 1277 Canidia
235 1226 329 1274 rodens
343 1226 463 1288 pollicem

116 1317 176 1379 quid
190 1315 253 1363 dixit
266 1323 309 1362 aut
322 1314 381 1376 quid
395 1313 490 1362 tacuit?
509 1314 533 1361 ‘0
546 1315 621 1361 rebus
633 1312 697 1360 meis

63 1414 94 1454 50
116 1419 169 1453 uon
181 1403 298 1452 infideles
312 1403 428 1460 arbitrae‚

115 1493 174 1541 Nox
187 1502 212 1540 et
225 1491 318 1551 Diana,
335 1505 400 1553 quae
413 1490 542 1538 silentium
554 1491 630 1553 regis,

117 1596 212 1630 arcana
224 1595 283 1629 cum
296 1581 359 1628 fiunt
373 1594 454 1637 sacra,

116 1685 185 1718 nunc
197 1683 266 1718 nunc
279 1668 376 1727 adeste,
391 1681 460 1715 nunc
472 1669 500 1716 in
512 1668 611 1717 hostilis
624 1668 714 1716 domos

117 1758 181 1806 iram
194 1766 270 1820 atque
283 1772 377 1805 numen
394 1757 491 1805 vertite.

66 1856 97 1895 to
118 1847 293 1895 formidolosis
307 1847 366 1895 dum
379 1846 459 1895 latent
472 1846 542 1894 silvis
554 1845 624 1895 ferae

118 1935 187 1983 dulei
200 1949 292 1998 sopore
305 1936 450 1998 languidae,

118 2039 215 2083 senem,
232 2026 300 2086 quod
314 2039 403 2073 omnes
415 2024 523 2082 rideant,
539 2022 681 2071 adulterum

118 2114 213 2162 latrent
226 2112 376 2161 Suburanae
389 2127 466 2161 canes

119 2203 200 2251 nardo
214 2209 372 2265 perunctum,
389 2202 464 2264 quale
478 2216 531 2250 non
544 2200 679 2264 perfectius

66 2299 98 2339 eo
118 2305 192 2339 meae
204 2289 345 2339 laborarint
357 2305 457 2338 manus.

119 2380 181 2442 quid
195 2378 303 2427 accidit?
323 2393 367 2426 cur
379 2379 434 2426 dira
445 2379 570 2427 barbarae
582 2379 665 2425 minus

119 2480 219 2516 venena
231 2467 338 2516 Medeae
351 2466 454 2515 valenti

119 2556 212 2618 quibus
225 2555 360 2618 superbam
372 2554 437 2618 sugit
449 2556 504 2604 ulta
517 2555 635 2618 pelicem,

121 2643 208 2704 magni
221 2640 338 2691 Creontis
351 2643 438 2703 filiam,
