1917 3117
125 181 178 230 312
380 182 591 220 urrsrosuuuu

124 347 150 387 te
162 339 255 387 nostris
269 339 384 397 ducibus,
399 345 424 388 te
438 337 513 387 Grais
525 336 703 394 anteferenda

79 435 110 475 20
125 433 210 475 cetera
222 441 384 489 nequaquam
397 426 474 473 simili
487 426 587 473 ratione
599 425 731 487 modoque

125 515 249 574 aestimat,
265 522 289 562 et
302 514 350 562 nisi
364 528 429 576 quae
442 513 515 561 terrie
528 520 627 560 semota
640 512 744 574 suisque

125 603 282 666 temporibus
296 602 416 650 defuncta
428 602 505 659 videt,
521 601 619 648 fastidit
633 610 658 649 et
670 601 733 659 odit,

126 693 162 738 sic
174 690 260 738 fautor
272 697 392 748 veterum,
408 698 436 737 ut
448 691 547 738 tabulas
561 704 668 752 peccare
681 689 791 736 vetantis

47 816 50 821 .
126 794 190 842 quas
203 779 241 825 bis
255 779 367 840 quinque
379 778 425 825 viri
437 786 588 837 sanxerunt,
602 778 709 826 foedera
720 791 817 838 regum

79 875 111 916 tt
126 868 166 921 vel
180 867 267 915 Gabiis
280 866 320 914 vel
333 881 391 913 cum
403 865 491 927 rigidis
505 874 615 928 aequata
627 864 739 931 Sabinis,

126 955 275 1018 pontificum
287 954 376 1012 libros,
392 968 493 1002 annosa
505 954 636 1002 volumina
648 962 732 1001 vatum

126 1044 224 1092 dictitet
235 1044 340 1091 Albano
351 1056 437 1089 musas
449 1042 476 1089 iu
489 1050 576 1089 monte
589 1043 697 1090 locutas.

127 1133 156 1191 si,
172 1132 232 1194 quia
246 1130 382 1179 Graiorum
394 1137 454 1177 sunt
466 1130 646 1191 antiquissima
657 1144 774 1192 quaeque

127 1221 221 1283 scripta
233 1219 272 1267 vel
286 1218 391 1281 optima,
406 1217 516 1265 Romani
529 1226 672 1280 pensantur
684 1219 774 1266 eadem

81 1318 112 1358 30
127 1309 262 1371 scriptores
274 1306 378 1364 trutina,
392 1320 446 1352 non
460 1314 499 1354 est
511 1307 580 1368 quod
593 1306 674 1353 multa
685 1306 843 1367 loquamur:

127 1397 164 1444 nil
176 1397 243 1444 intra
256 1402 295 1443 est
307 1393 374 1452 olea,
389 1394 426 1442 nil
439 1401 511 1442 extra
524 1401 562 1442 est
574 1395 601 1441 in
615 1407 681 1441 nuce
694 1393 758 1451 duri,

127 1484 240 1531 venimus
254 1482 286 1528 ad
299 1497 424 1529 summum
438 1482 565 1538 fortunae,
581 1482 708 1544 pingimus
720 1488 799 1544 atque

127 1571 260 1634 psallimus
274 1578 299 1618 et
309 1571 435 1618 luctamur
447 1570 553 1618 Achivis
567 1571 666 1618 doctius
678 1571 771 1618 unctis

127 1660 148 1707 si
160 1659 269 1707 meliora
281 1659 344 1717 dies,
360 1666 388 1706 ut
400 1659 467 1716 vina,
484 1668 603 1722 poemata
615 1658 706 1716 reddit,

82 1756 112 1796 35
128 1748 192 1795 scire
204 1747 288 1806 velim,
304 1747 398 1794 chartis
411 1748 520 1807 pretium
533 1754 626 1808 quotus
639 1755 742 1810 arroget
755 1763 852 1795 annus.

128 1836 236 1898 scriptor
249 1835 341 1883 abhinc
354 1848 436 1882 annos
450 1843 552 1882 centum
565 1835 609 1896 qui
622 1836 724 1895 decidit,
738 1836 806 1883 iuter

127 1923 257 1987 perfectos
269 1931 417 1984 veteresque
430 1922 519 1970 referri
533 1923 610 1971 debet
622 1939 655 1971 an
668 1924 734 1971 iuter

126 2013 183 2061 uilis
195 2019 273 2074 atque
285 2010 382 2059 novos?
396 2011 516 2059 excludat
527 2011 610 2073 iurgia
623 2011 690 2059 linis.

127 2102 175 2149 ‘est
186 2108 258 2148 vetus
270 2107 346 2161 atque
358 2101 462 2162 probus,
478 2107 582 2148 centum
594 2100 638 2162 qui
650 2100 749 2163 perficit
760 2101 868 2149 annos?

81 2198 113 2238 4ο
129 2189 207 2252 quid?
220 2189 264 2251 qui
277 2187 383 2249 deperiit
394 2188 479 2235 minor
492 2202 543 2235 uno
556 2202 646 2236 mense
658 2189 698 2237 vel
710 2203 791 2249 auno,

127 2278 194 2326 inter
206 2291 270 2339 quoa
284 2274 432 2336 referendus
446 2277 510 2324 erit?
523 2286 655 2326 veteresne
668 2286 767 2340 poetas,

128 2380 161 2412 an
175 2379 239 2427 quos
252 2372 277 2412 et
290 2377 411 2425 praeseus
425 2371 451 2411 et
462 2372 566 2425 postera
577 2374 681 2428 respuat
692 2366 781 2414 aetas?

127 2452 182 2500 ‘iste
194 2452 296 2513 quidem
308 2459 406 2499 veteres
419 2451 486 2499 inter
498 2462 608 2514 ponetur
620 2455 737 2512 honeste,

128 2539 171 2600 qui
185 2539 224 2586 vel
236 2553 324 2586 mense
338 2540 408 2587 brevi
420 2541 460 2588 vel
473 2548 528 2588 toto
542 2549 581 2589 est
591 2541 678 2589 iunior
690 2543 781 2590 auno’

81 2633 112 2674 tt
128 2633 186 2673 utor
198 2626 331 2687 permisso,
347 2628 496 2690 caudaeque
508 2629 574 2690 pilos
588 2636 617 2677 ut
629 2630 739 2692 equinae
