1917 3117
117 169 152 219 43
411 170 576 209 cnamuuu

119 332 170 379 iam
183 344 252 378 nunc
264 329 358 377 minaci
370 343 499 377 murmure
512 343 637 377 cornuum

120 418 271 482 perstringis
284 418 361 477 auris,
376 417 427 465 iam
440 417 496 465 litui
508 424 633 480 strepunt,

119 508 171 555 iam
183 508 271 571 fulgor
283 521 411 555 armerum
423 506 522 569 fugacis

68 604 99 646 20
120 603 197 645 terret
210 610 289 658 equos
303 596 467 658 equitumque
479 596 573 644 voltus.

120 739 208 788 audire
221 739 393 802 magnesiam
405 739 493 786 videor
506 738 584 786 duces

120 843 174 876 non
187 828 310 876 indecoro
324 828 428 891 pulvere
441 827 569 885 sordidos,

123 925 148 965 et
160 924 253 965 cuneta
264 924 388 965 terrarum
400 917 507 965 subacta

121 1014 222 1069 praeter
234 1013 347 1055 atrocem
360 1005 473 1053 animum
486 1004 601 1054 Catonis.

69 1156 100 1197 25
120 1148 187 1196 Iuno
200 1155 226 1197 et
239 1149 345 1196 deorum
358 1149 471 1211 quisquis
485 1148 591 1197 amicior

120 1237 192 1285 Afris
205 1237 287 1285 inulta
299 1245 411 1285 cesserat
422 1238 542 1301 inpotens

121 1328 220 1386 tellure,
235 1326 359 1375 victorum
371 1334 477 1390 nepotes

121 1416 217 1465 rettulit
228 1415 333 1464 inferias
345 1415 492 1480 Iugurthae.

121 1558 178 1620 quis
191 1572 244 1605 nen
258 1557 352 1606 Latino
366 1560 493 1621 sanguine
506 1559 627 1622 pinguior

70 1655 100 1697 30
121 1661 226 1709 campus
240 1648 363 1710 sepulcris
375 1649 447 1712 inpia
458 1648 558 1712 proelia

121 1743 227 1784 testatur
240 1736 405 1799 auditumque
418 1738 501 1785 Medis

121 1825 261 1889 Hesperiae
275 1826 386 1874 sonitum
399 1825 507 1874 ruinae?

121 1968 165 2031 qui
177 1983 270 2031 gurges
284 1975 328 2016 aut
339 1983 405 2031 quae
417 1969 523 2017 flumina
534 1971 649 2032 lugubris

120 2057 212 2121 ignaru
223 2057 302 2106 belli?
321 2060 390 2121 quod
403 2073 473 2107 marc
485 2059 603 2108 Dauniae

70 2155 100 2195 at
122 2161 175 2195 non
189 2147 369 2196 decoloravere
382 2148 490 2196 caedes?

121 2250 188 2298 quae
200 2242 270 2284 caret
283 2249 329 2284 ora
341 2251 429 2285 cruore
442 2238 550 2286 nostro?

121 2379 165 2426 sed
178 2393 211 2427 ne
223 2378 327 2438 relictis,
342 2380 418 2427 Musa
430 2395 536 2443 procax,
551 2381 614 2428 iocis

122 2465 189 2515 Ceae
202 2475 324 2515 retractes
337 2483 443 2517 munera
455 2471 556 2530 neniae,

121 2568 221 2603 mecum
233 2555 352 2606 Dionaeo
366 2558 413 2606 sub
427 2566 502 2607 antro

69 2651 101 2691 tt
122 2657 215 2705 quaere
227 2645 318 2693 modos
332 2647 426 2696 leviore
439 2648 546 2711 plectro.

415 2799 574 2807 ———
