1917 3117
154 148 206 200 232
428 152 603 192 sarmarum

108 317 138 357 20
154 323 251 372 pauper
264 309 334 358 eris.²
357 308 450 358 fortem
461 309 511 357 hoo
524 309 638 356 animum
649 309 762 359 tolerare.
771 309 886 359 iubebo:

153 406 178 445 et
191 398 322 459 quondam
333 398 431 445 maiora
443 397 499 445 tuli.
527 405 554 446 tu
567 398 684 460 protinus
697 399 765 446 unde

154 486 251 534 diuitias
264 486 380 548 aerisque
393 500 465 534 ruam
478 485 519 533 dic
531 500 614 548 augur
625 501 739 535 acervos.

152 575 214 622 ‘dixi
228 575 345 637 equidem
358 582 382 622 et
395 574 461 622 dico.
489 581 576 637 captes
589 582 686 623 astutus
699 574 795 636 ubique

151 671 304 712 testamenta
316 677 414 721 senum,
429 677 489 721 neu,
505 662 526 710 si
539 663 610 711 vafer
622 678 688 711 unus
701 671 726 712 et
738 663 802 711 alter

108 760 138 801 25
152 752 327 800 insidiatorem
339 765 461 813 praeroso
474 751 568 813 sugerit
581 751 667 810 hamo,

153 850 197 889 aut
209 854 281 903 spem
295 840 409 902 deponas
423 846 467 886 aut
479 848 560 887 artem
572 839 669 887 inlusus
683 840 794 888 omittas.

152 943 247 990 magna
258 928 372 976 minorve
384 929 442 976 foro
456 928 477 976 si
491 943 531 976 res
544 928 681 976 certabitur
694 929 762 987 olim,

152 1017 218 1065 vivet
231 1026 287 1065 uter
299 1017 415 1079 locuples
428 1017 486 1065 sine
498 1017 592 1079 gnatis,
607 1016 740 1079 inprobus,
755 1018 825 1065 ultro

154 1106 196 1167 qui
208 1106 341 1155 meliorem
354 1106 440 1153 audax
452 1114 526 1154 vocet
538 1106 564 1153 in
577 1106 627 1165 ius,
641 1105 710 1153 illius
724 1114 779 1154 esto

108 1202 138 1243 30
154 1194 289 1243 defensor:
305 1194 375 1242 farne
387 1195 467 1242 civem
478 1208 607 1256 causaque
619 1196 731 1256 priorem

153 1296 255 1345 sperne,
270 1283 339 1331 domi
353 1282 374 1330 si
386 1290 478 1344 gnatus
493 1283 540 1331 erit
551 1283 692 1331 fecundave
704 1284 828 1331 coniunx.

152 1369 292 1431 “Quinta''
304 1378 379 1432 puta,
399 1378 444 1419 aut
455 1371 564 1419 “Publi”
583 1371 709 1434 (gaudent
721 1372 891 1434 praenomine

513 1461 605 1508 molles

153 1545 303 1610 auriculae),
318 1547 379 1595 “dbi
391 1562 432 1596 me
446 1548 525 1597 virtus
537 1557 582 1597 tua
594 1547 656 1597 lecit
668 1548 791 1595 amicum:

151 1636 191 1683 ius
204 1650 299 1698 anceps
312 1635 381 1695 nevi,
397 1651 487 1686 causas
501 1636 641 1685 defendere
654 1651 773 1699 possum:

108 1731 137 1771 35
153 1723 244 1786 eripiet
255 1723 337 1786 quivis
351 1725 441 1772 oculos
455 1725 527 1773 citius
541 1725 602 1773 mihi
616 1740 693 1787 quam
705 1732 730 1773 te

152 1819 326 1874 contemptum
339 1827 412 1861 cassa
424 1820 633 1875 nueepauperet:
651 1814 714 1862 haec
725 1827 783 1860 mea
794 1822 889 1870 ourast,

152 1900 245 1962 nequid
259 1908 287 1947 tu
299 1901 401 1962 perdas,
417 1914 467 1948 neu
480 1901 514 1949 sis
527 1900 628 1950 ioeus.”
644 1901 682 1948 ire
695 1902 800 1950 domum
811 1909 891 1964 etque

153 1988 303 2051 pelliculam
316 2003 405 2037 curare
418 1988 493 2048 iube3
515 1990 532 2037 fi
545 1990 663 2051 cognitor
673 1990 739 2052 ipse,

152 2084 237 2139 persta
249 2085 325 2138 atque
338 2077 445 2135 obdura,
461 2091 507 2125 seu
520 2078 596 2125 rubra
609 2079 727 2126 canicula
739 2078 819 2127 findet

106 2173 137 2212 lt
151 2165 257 2213 infantis
271 2172 376 2224 statuas,
392 2180 437 2214 seu
449 2166 540 2228 pingui
552 2175 636 2215 tentus
650 2181 738 2214 omaso

151 2253 242 2302 Furius
254 2254 374 2301 hibernas
387 2269 454 2302 cana
466 2255 524 2302 nive
536 2264 663 2318 conspuet
673 2256 757 2317 Alpis.

151 2342 256 2389 “nonno
268 2342 355 2390 vides''
367 2343 459 2405 uliquis
472 2343 557 2391 cubito
565 2351 674 2392 stantem
687 2358 767 2406 prope
780 2352 888 2407 tangens

151 2429 257 2491 inquiet,
273 2430 316 2479 “ut
328 2431 436 2494 patiens,
454 2440 482 2480 ut
493 2431 581 2480 amicis
594 2441 678 2494 aptus,
693 2441 722 2480 ut
733 2433 826 2480 acer?'’

152 2517 238 2579 plures
252 2519 384 2567 adnabunt
396 2519 497 2578 thuani,
513 2528 538 2568 et
550 2521 645 2568 cetaria
657 2529 781 2570 crescent.

106 2613 137 2653 45
153 2605 174 2652 si
187 2606 227 2654 cui
239 2612 371 2668 praeterea
383 2608 480 2656 validus
494 2609 562 2657 male
575 2609 642 2657 filius
660 2609 687 2656 in
701 2624 728 2657 re
