1917 3117
399 194 490 232 menn
503 193 536 231 11.

104 351 126 398 si
138 350 184 399 tibi
197 351 269 397 nulla
281 350 348 398 sitim
361 351 446 399 finiret
458 351 534 413 copia
553 351 680 413 lymphae,
752 388 755 395 .

105 453 222 487 narrares
235 440 356 487 medicis:
378 440 448 502 quod
462 448 558 502 quanto
572 440 648 502 plura
660 439 768 501 parasti,

104 535 175 576 tanto
189 529 264 591 plura
277 529 357 590 cupis,
373 528 472 575 nulline
484 527 588 575 faterier
601 526 696 574 audes?

105 616 127 663 si
139 617 230 664 volnus
243 616 288 664 tibi
301 625 444 664 monstrata
456 616 543 664 radice
556 616 596 663 rel
610 616 690 664 herba

39 712 89 753 15⁰
104 719 158 752 non
171 704 244 752 fieret
256 705 345 764 letius,
360 705 464 766 fugeres
477 704 563 752 radice
575 705 614 751 vel
628 704 708 752 herbe

104 794 253 856 proficiente
264 793 328 841 nihil
342 793 466 841 curaricr:
487 793 614 851 audieras,
630 793 670 841 cni

104 896 159 929 rem
173 882 198 928 di
212 882 346 940 donarent,
361 882 399 929 illi
413 882 537 930 decedere
549 895 653 943 pravam

104 970 246 1029 stultitiam,
262 978 357 1019 etcum
371 971 406 1017 sis
419 970 501 1018 nihilo
515 971 656 1032 sapientior
668 984 701 1017 ex
714 984 765 1032 quo

104 1058 207 1120 plenior
220 1073 255 1117 es,
270 1066 357 1106 tamen
368 1059 446 1106 uteris
458 1059 629 1107 monitoribus
641 1057 741 1106 isdem?

40 1154 90 1195 itt
105 1154 132 1194 ut
144 1147 165 1193 si
179 1146 280 1193 divitiae
293 1146 447 1208 prudentem
458 1148 567 1195 reddere
583 1155 698 1210 possent,

104 1234 126 1282 si
139 1235 259 1296 cupidum
271 1234 439 1296 timidumque
451 1236 536 1282 minus
550 1243 583 1295 te,
598 1248 691 1297 nempe
703 1235 815 1292 tuberes,

104 1322 199 1370 viveret
211 1322 238 1369 in
251 1323 323 1371 terris
337 1330 362 1371 te
374 1323 456 1385 siquis
469 1323 569 1370 avarior
580 1337 643 1370 uno.

104 1411 125 1458 si
137 1411 267 1474 proprium
277 1419 315 1460 est
326 1412 395 1474 quod
408 1412 465 1474 quis
476 1413 542 1460 libra
557 1419 683 1460 mercatus
697 1419 722 1460 et
734 1419 826 1470 aerest,

105 1500 239 1561 quaedam,
255 1502 276 1548 si
290 1501 371 1549 credis
385 1501 519 1560 consultis,
533 1501 664 1563 mancipat
676 1515 750 1560 nsus;

39 1595 88 1636 160
104 1587 147 1649 qui
159 1597 185 1635 te
198 1589 280 1650 pascit
292 1604 361 1652 ager,
378 1597 435 1638 tuus
450 1599 496 1649 est,
512 1598 537 1638 et
549 1590 638 1637 vilicus
653 1587 725 1646 Orbi,

103 1690 161 1723 cum
173 1683 273 1747 segetes
286 1686 360 1725 occat
372 1678 418 1725 tibi
430 1692 493 1725 mox
504 1677 632 1725 frumenta
645 1678 757 1736 daturas,

101 1771 127 1812 te
141 1763 274 1812 dominnm
287 1766 371 1813 sentit.
399 1765 445 1812 das
458 1779 585 1824 nummos,
606 1765 701 1828 accipis
713 1779 797 1823 uvam,

102 1853 198 1916 pullos,
214 1867 270 1911 ova,
286 1853 378 1900 cadum
391 1854 487 1900 temeti.
517 1866 610 1914 nempe
622 1853 700 1901 modo
713 1853 763 1900 isto

101 1940 236 2004 paullatim
248 1940 369 1988 mercaris
382 1956 480 2003 agrum,
497 1941 606 1988 sortasse
618 1941 738 1988 trecentis

37 2037 86 2079 165
102 2037 145 2076 aut
158 2029 234 2076 etiam
247 2043 324 2092 supra
337 2044 499 2077 nummorum
511 2029 614 2077 milibus
629 2037 748 2091 emptum.

102 2118 163 2180 quid
176 2118 263 2176 refert,
279 2119 346 2165 vivas
360 2125 494 2165 numerato
507 2132 589 2180 nuper
602 2133 635 2164 an
649 2117 728 2165 olim?

101 2214 202 2269 emptor
214 2206 314 2254 Aricini
327 2207 458 2268 quondam
470 2205 587 2254 Veientis
601 2214 626 2254 et
638 2207 691 2253 arvi

101 2302 214 2357 emptum
228 2302 302 2342 cenat
315 2295 380 2354 olus,
397 2295 513 2356 quamvis
526 2295 601 2342 aliter
612 2301 698 2356 putat3
719 2295 810 2357 emptis

100 2384 148 2432 sub
162 2392 265 2432 noctem
277 2383 390 2445 gelidam
402 2383 479 2445 lignis
493 2382 630 2431 calefactat
642 2397 750 2430 aennmz

37 2482 85 2522 tto
101 2472 146 2520 sed
159 2479 234 2520 vocat
246 2487 327 2534 usqne
339 2487 421 2530 suum,
438 2487 489 2534 qua
502 2471 613 2533 populus
626 2471 710 2519 adsita
722 2473 798 2520 certis

101 2561 223 2609 limitibus
236 2560 319 2607 vicina
331 2559 426 2621 refugit
438 2560 535 2622 iurgia3
550 2568 680 2621 tamquam

100 2648 133 2696 sit
145 2649 277 2712 proprium
290 2649 434 2711 quiequam,
448 2656 544 2712 puncto
553 2648 622 2710 qnod
633 2648 735 2696 mobilis
748 2648 827 2696 horae
