1917 3117
401 231 490 267 nnana
502 230 534 266 11.
776 226 829 275 313

104 387 238 451 paullatim
251 387 318 435 vello
331 394 357 434 et
370 387 444 433 demo
457 401 546 445 unum,
556 386 630 434 demo
644 394 668 434 et
679 387 740 434 item
752 402 840 446 unum,

105 477 165 523 dum
178 475 253 522 cadat
265 476 350 524 elusus
363 475 462 522 ratione
479 475 575 521 ruentis
588 474 680 532 acervi,

106 565 149 627 qui
161 564 227 612 redit
238 563 265 610 in
277 563 359 611 fastos
373 572 398 611 et
409 563 527 610 virtutem
539 562 657 609 aestimat
668 563 743 611 annis

104 653 262 713 miraturque
274 651 338 699 nihil
350 651 400 698 nisi
413 651 483 712 quod
495 650 609 698 Libitina
620 651 738 698 sacravit.
756 693 759 697 .

58 749 91 789 50
105 741 204 788 Ennius
218 747 243 788 et
255 739 358 801 sapiens
371 746 396 787 55
407 738 482 787 fortis
495 747 521 786 et
532 739 597 786 alter
608 738 745 798 Homerus,

104 836 133 876 ut
145 828 223 876 critici
237 827 333 886 dicunt,
348 827 437 875 leviter
449 841 538 875 curare
550 827 649 875 videtur

106 930 157 979 quo
172 917 297 978 promissa
310 915 403 962 cadant
416 922 440 962 55
457 916 559 963 somnia
570 916 740 977 Pythagorea.

105 1005 214 1053 Naevius
227 1004 255 1052 in
267 1003 383 1050 manibus
397 1017 450 1050 non
464 1011 503 1051 est
515 1011 540 1051 et
551 1004 678 1051 mentibus
690 1003 779 1052 haeret

106 1106 189 1155 paene
201 1090 307 1140 reeens?
319 1091 385 1138 adeo
397 1101 516 1140 sanctum
527 1099 644 1139 estvetns
655 1106 731 1139 omne
739 1107 841 1155 poema.

60 1191 90 1229 55
105 1180 243 1244 ambigitur
254 1179 381 1242 quotiens,
396 1188 453 1228 uter
464 1189 522 1227 utro
536 1180 568 1228 sit
580 1181 663 1242 prior,
678 1182 761 1229 aufert

106 1269 231 1317 Pacuvius
245 1269 313 1316 docti
325 1269 420 1316 famam
433 1269 510 1328 senis,
525 1269 620 1316 Accius
633 1269 687 1327 alti,

106 1358 198 1405 dicitur
208 1357 300 1404 Afrani
312 1364 375 1419 toga
387 1357 539 1405 convenisse
551 1357 704 1416 Menandro,

104 1446 209 1494 Plautus
222 1447 254 1494 ad
268 1447 399 1508 exemplar
412 1445 493 1494 Siculi
507 1460 645 1509 properare
657 1445 812 1508 Epicharmi,

105 1534 206 1582 vincere
219 1533 345 1583 Caecilius
359 1535 492 1597 gravitate,
507 1534 642 1583 Terentius
655 1543 718 1582 arte.

60 1629 91 1670 50
106 1622 154 1669 hos
167 1622 256 1669 ediscit
269 1630 295 1670 et
306 1623 354 1671 hos
367 1630 422 1670 arto
436 1623 529 1686 stipata
541 1624 641 1671 theatro

106 1716 206 1771 spectat
216 1708 299 1757 Roma
311 1717 416 1772 potens‘3
431 1712 510 1759 habet
520 1713 567 1759 hes
580 1718 747 1774 numeratque
753 1719 843 1773 poetas

107 1797 139 1843 ad
152 1805 267 1844 nostrum
279 1805 379 1859 tempus
390 1798 447 1846 Livi
460 1798 591 1859 scriptoris
604 1800 636 1846 ab
650 1813 721 1847 5555.

105 1886 232 1933 interdum
246 1885 336 1947 volgus
350 1894 447 1933 rectum
459 1886 542 1933 videt:
564 1894 601 1935 cst
614 1887 657 1934 ubi
670 1894 767 1949 peccat.

107 1975 127 2021 si
141 1980 239 2021 veteres
250 1973 287 2021 ita
297 1973 404 2021 miratur
415 1973 554 2035 laudatque
567 1982 656 2036 poetas

60 2070 92 2110 05
105 2069 133 2110 ut
145 2061 208 2109 nihil
220 2062 355 2121 anteferat,
370 2062 433 2109 nihil
446 2063 498 2110 illis
511 2070 643 2124 conparet,
657 2070 733 2110 errat,

107 2151 128 2198 si
142 2151 268 2219 quaedam
281 2150 355 2198 nimis
368 2151 483 2212 antique,
499 2151 520 2198 si
537 2151 661 2213 pleraque
674 2152 736 2199 dure

107 2240 191 2287 dicere
204 2238 285 2307 credit
297 2253 350 2297 eos,
365 2239 457 2301 ignave
468 2240 550 2287 multa
561 2239 662 2299 fatetur,

107 2335 132 2375 et
144 2328 211 2390 sapit
223 2336 249 2376 55
261 2342 361 2375 mecum
373 2326 435 2374 facit
447 2335 472 2376 et
483 2328 544 2376 Iove
555 2328 652 2376 iudicat
663 2343 756 2391 aequo.

106 2405 160 2463 non
174 2417 291 2478 equidem
302 2415 416 2464 insector
428 2416 570 2464 delendave
582 2417 696 2466 carmina
708 2417 764 2465 Livi

60 2512 91 2552 50
106 2518 164 2552 5555
176 2519 243 2563 reor,
258 2504 362 2552 memini
375 2518 441 2567 quac
453 2505 590 2567 plagosum
601 2506 663 2552 mihi
676 2520 755 2568 parvo

107 2591 233 2640 Orbilium
246 2593 354 2642 dictare:
376 2594 421 2640 aed
436 2593 574 2641 emendata
585 2594 664 2642 videri

16 2710 22 2729 5
106 2680 265 2744 pulchraque
278 2690 302 2730 et
314 2682 411 2730 exactis
423 2683 556 2730 minimum
570 2682 690 2731 distantia
702 2683 789 2732 miror.
811 2743 814 2748 .
