1917 3117
400 186 488 223 menn
501 186 522 222 1.

99 343 184 391 rident
195 342 272 390 vicini
284 343 390 404 glaebas
402 350 428 390 et
439 357 503 390 sexo
515 353 669 390 moventem.

50 439 85 479 40
100 445 159 478 eum
171 431 250 479 serris
262 432 361 478 urbane
373 430 452 478 <lieris
464 432 556 479 rodere
567 431 662 490 mevie3
706 457 709 463 ,

100 520 192 568 horum
204 520 271 568 tuin
284 533 418 567 numerum
430 527 490 566 voto
503 519 569 566 ruis:
589 519 687 566 invidet
697 533 772 566 usum

101 609 231 670 lignorum
243 616 269 656 et
280 607 382 670 pecoris
394 607 439 655 tibi
453 607 511 655 celo
524 614 628 668 argutus
642 614 667 654 et
680 607 756 655 horn'.

101 704 174 759 optat
185 697 307 760 eplsippie
319 697 375 755 boe,
391 696 464 758 piger
478 703 550 758 optut
561 708 634 742 erere
645 695 769 743 caballus.

101 799 178 848 quern
191 785 237 832 scit
248 793 364 847 uterque,
379 785 471 844 libens,
485 783 606 843 censebo,
615 790 734 832 exercent
745 792 834 832 errem.

733 986 779 1045 L

432 1154 492 1201 XV.

102 1311 175 1372 Quae
188 1314 313 1362 sithiense
326 1313 425 1372 Velius,
441 1314 510 1376 quod
524 1315 631 1372 eoelum,
640 1313 716 1372 Vela,
725 1312 835 1371 Salerni,

101 1418 211 1465 quorum
217 1403 351 1451 hominurn
357 1401 427 1464 regio
436 1410 462 1450 et
469 1402 553 1464 qualis
562 1401 603 1449 rie
613 1401 838 1464 (nemruihiBeies

102 1492 177 1539 Musa
189 1505 357 1554 supervacuos
370 1491 509 1549 Antonius,
526 1498 551 1538 et
562 1498 648 1538 temen
660 1491 713 1538 illis

103 1594 144 1626 me
156 1579 219 1626 fucit
229 1580 348 1638 inrisum,
364 1578 450 1641 gelide
462 1593 520 1627 curn
533 1580 637 1641 perluor
649 1580 721 1627 undu

73 1679 87 1717 5
103 1681 149 1729 per
160 1667 273 1714 medium
285 1667 375 1728 frigus.
401 1681 464 1714 sune
476 1675 587 1715 murteta
599 1667 717 1730 relinqui,
741 1696 743 1701 ·

104 1754 223 1815 dictuque
236 1762 379 1801 cessantem
391 1755 475 1803 nervis
485 1739 581 1803 elidere
592 1757 710 1804 morbum

103 1842 202 1890 sulfure
214 1842 353 1900 contemni,
370 1842 439 1888 vicus
451 1842 539 1904 gemit,
553 1843 654 1890 invidus
667 1844 750 1906 aegris

104 1930 148 1994 qui
160 1938 237 1993 ceput
250 1939 276 1978 et
288 1930 448 1978 stomachum
460 1945 606 1993 supponere
618 1931 732 1979 lontibus
744 1931 839 1978 audent

104 2018 216 2068 Clusinis
231 2017 379 2081 Gabiosque
393 2026 484 2081 petunt
496 2027 521 2066 et
533 2017 628 2080 frigide
639 2032 705 2066 rure.

57 2117 89 2158 10
104 2108 240 2155 mutandus
253 2108 325 2156 locus
338 2116 378 2155 est
390 2116 415 2155 et
427 2107 572 2155 deversorio
583 2115 646 2155 note

104 2196 319 2259 praeteragendus
332 2210 422 2258 equus.
437 2196 497 2258 ‘quo
504 2196 606 2244 tendis?
616 2211 670 2244 non
676 2196 738 2244 mihi
746 2195 839 2244 Cumas

104 2294 143 2334 eet
154 2286 203 2333 iter
215 2292 259 2333 eut
270 2285 357 2332 Buius'
368 2286 442 2333 laeve
453 2285 631 2333 stomachosus
644 2286 745 2333 hebens

105 2374 171 2421 dicet
184 2388 277 2436 eques:
299 2374 344 2422 sed
358 2375 431 2436 equis
443 2373 544 2421 frenato
558 2381 598 2421 est
609 2375 677 2422 uuris
689 2375 717 2422 in
730 2378 802 2436 ore),

104 2463 186 2510 maior
197 2470 280 2510 utrum
293 2463 420 2526 populum
432 2462 552 2511 frumenti
565 2463 641 2525 copia
652 2471 756 2526 puscet,

60 2560 90 2601 15
106 2551 263 2600 collectosne
276 2552 365 2600 bibant
375 2552 464 2600 imbris
477 2560 602 2614 puteosne
614 2550 734 2614 perennis

105 2639 172 2701 iugis
185 2654 267 2701 equae
280 2639 351 2703 (nem
364 2641 423 2688 vinu
434 2641 498 2688 nibil
512 2655 599 2688 moror
610 2640 679 2687 illius
692 2653 762 2687 orae.
