1917 3117
135 192 187 242 ³³2
432 196 472 232 nn
487 195 563 233 nuru

136 352 230 400 dixeris
244 352 356 414 egregie,
366 360 456 400 notum
469 353 491 399 si
504 351 599 400 callide
610 352 715 400 verbum

134 440 273 489 reddiderit
284 441 400 488 iunctura
413 455 517 488 novum.
544 440 566 486 si
580 441 647 487 sorte
660 449 793 489 necessest

134 529 236 577 indiciis
249 532 393 576 monstrare
405 529 549 576 recentibus
563 528 650 576 abdita
663 543 756 587 rerum,

89 626 119 666 to
135 619 232 679 fingere
244 617 362 665 cinctutis
377 631 430 664 non
444 617 565 664 exaudita
578 616 697 679 Cethegis

135 706 278 767 continget,
294 704 445 766 dabiturque
458 705 563 753 licentia
575 713 677 767 sumpta
689 705 827 768 pudenter.

134 801 159 841 et
171 808 239 841 nove
252 793 361 856 ficteque
375 807 457 855 nuper
469 793 601 841 habebunt
613 795 691 840 verba
703 793 791 853 fidem,
806 796 830 842 si

135 881 236 931 Graeco
250 882 321 929 sonte
335 881 435 941 eadent,
451 895 529 943 parce
542 880 650 929 detorta.
677 883 737 944 quid
750 891 839 930 autem

135 970 250 1019 Caecilio
264 970 408 1031 Plautoque
422 969 493 1017 dabit
504 970 636 1018 Romanus
649 970 797 1033 ademptum

89 1069 119 1108 55
133 1058 249 1122 Vergilio
262 1058 410 1120 Varioque?
423 1072 472 1120 ego
486 1072 539 1116 eur,
554 1058 689 1121 adquirere
701 1073 786 1120 pauca

135 1147 156 1194 si
169 1134 284 1210 possum,
299 1147 433 1195 invideor?
446 1160 504 1194 curn
517 1148 606 1209 lingue
619 1146 725 1196 Catonis
737 1155 764 1196 et
775 1147 846 1196 Enni

135 1251 280 1285 sermonem
292 1236 402 1298 patrium
415 1236 530 1284 ditaverit
543 1243 568 1283 et
581 1249 648 1283 nova
660 1249 745 1282 rerum

135 1324 241 1371 nomina
253 1325 395 1386 protulerit.
423 1324 498 1373 licuit
510 1338 662 1387 semperque
674 1323 762 1371 licebit

134 1412 263 1474 signatum
274 1419 411 1473 praesente
423 1420 487 1461 nota
498 1413 641 1475 producere
659 1426 764 1460 nomen.

89 1508 119 1548 oo
135 1508 163 1548 ut
175 1500 254 1547 silvae
267 1500 336 1547 foliis
349 1515 446 1563 pronos
459 1507 590 1549 mutantur
602 1501 628 1548 in
642 1515 734 1560 annos,

135 1587 217 1650 prima
230 1588 333 1646 cedunt,
347 1589 384 1636 ita
395 1589 531 1636 verborum
543 1598 614 1638 vetus
626 1589 805 1647 internectus,

136 1684 160 1724 et
171 1677 290 1724 iuvenum
303 1676 353 1724 ritu
365 1676 458 1724 florent
469 1677 548 1724 modo
561 1685 623 1725 nata
640 1678 788 1740 vigentque.

135 1766 257 1812 debemur
269 1765 343 1813 morti
357 1779 406 1812 nos
419 1773 574 1826 nostraque:
595 1766 648 1813 sive
660 1775 778 1827 receptus

134 1861 202 1902 terra
214 1853 347 1916 Neptunus
362 1853 452 1901 classis
466 1853 629 1916 aquilonibus
643 1863 721 1911 arcet,

88 1950 118 1989 tt
134 1943 201 2003 regis
215 1957 288 2004 opus,
304 1942 428 1990 sterilisve
441 1943 516 2005 palus
530 1943 573 1989 diu
585 1951 696 2005 apteque
709 1941 785 1990 remis

133 2031 230 2079 vicinas
242 2031 312 2079 urbis
325 2031 370 2079 alit
383 2038 407 2079 et
420 2046 497 2092 grave
510 2031 588 2078 sentit
601 2040 722 2089 aratrum,

877 1984 894 2023 ἱ

134 2134 179 2167 seu
191 2133 293 2167 cursum
304 2119 412 2167 mutavit
424 2120 541 2181 iniquum
553 2120 668 2180 frugibus
683 2120 765 2167 amnis

136 2209 225 2254 doctus
238 2209 287 2256 iter
298 2208 405 2256 melius:
421 2208 541 2256 mortalia
553 2208 622 2256 facta
634 2209 763 2270 peribunt,

133 2295 228 2343 nedum
240 2310 388 2344 sermonum
401 2304 450 2345 stet
463 2297 547 2344 bonos
560 2304 585 2344 et
597 2296 680 2357 gretia
691 2297 775 2343 vivat.

87 2391 118 2431 το
133 2384 214 2430 multa
226 2392 392 2432 renascentur
404 2398 470 2447 quse
482 2385 534 2432 iem
547 2384 673 2443 cecidere,
689 2385 837 2446 cadentque

133 2484 200 2531 quae
212 2486 281 2518 nune
293 2473 391 2519 suntin
404 2473 504 2520 honore
516 2474 649 2531 vocabula,
665 2473 687 2520 si
699 2473 768 2520 volet
779 2487 852 2531 usus,

133 2571 209 2618 quem
221 2572 300 2620 penes
312 2560 443 2606 arbitrium
454 2567 493 2607 est
505 2561 574 2607 etius
582 2567 608 2608 et
616 2575 707 2608 norma
716 2560 851 2622 loquendi.

130 2657 171 2690 res
185 2651 272 2704 gestae
285 2659 424 2708 regumque
437 2648 581 2708 ducumque
595 2649 715 2707 ettristia
728 2649 797 2697 bella
