<?xml version="1.0" encoding="UTF-8"?>
<!DOCTYPE html PUBLIC "-//W3C//DTD XHTML 1.0 Transitional//EN"
    "http://www.w3.org/TR/xhtml1/DTD/xhtml1-transitional.dtd">
<html xmlns="http://www.w3.org/1999/xhtml" xml:lang="en" lang="en">
 <head>
  <title>
</title>
<meta http-equiv="Content-Type" content="text/html;charset=utf-8" />
  <meta name='ocr-system' content='tesseract 3.04.00' />
  <meta name='ocr-capabilities' content='ocr_page ocr_carea ocr_par ocr_line ocrx_word'/>
</head>
<body>
  <div class='ocr_page' id='page_1' title='image "./opera00haupgoog_0286.png"; bbox 0 0 1917 3117; ppageno 0'>
   <div class='ocr_carea' id='block_1_1' title="bbox 134 218 586 269">
    <p class='ocr_par' dir='ltr' id='par_1_1' title="bbox 134 218 586 269">
     <span class='ocr_line' id='line_1_1' title="bbox 134 218 586 269; baseline 0.007 -8"><span class='ocrx_word' id='word_1_1' title='bbox 134 218 188 269; x_wconf 73' lang='lat'><strong>262</strong></span> <span class='ocrx_word' id='word_1_2' title='bbox 412 225 586 264; x_wconf 65' lang='lat' dir='ltr'><strong>samnitum</strong></span> 
     </span>
    </p>
   </div>
   <div class='ocr_carea' id='block_1_2' title="bbox 88 379 893 2747">
    <p class='ocr_par' dir='ltr' id='par_1_2' title="bbox 88 379 893 2747">
     <span class='ocr_line' id='line_1_2' title="bbox 135 379 768 444; baseline 0.008 -17"><span class='ocrx_word' id='word_1_3' title='bbox 135 379 238 428; x_wconf 80' lang='lat' dir='ltr'><strong>dimittit</strong></span> <span class='ocrx_word' id='word_1_4' title='bbox 249 394 333 443; x_wconf 90' lang='lat' dir='ltr'><strong>neque</strong></span> <span class='ocrx_word' id='word_1_5' title='bbox 345 380 474 430; x_wconf 84' lang='lat' dir='ltr'><strong>famosum</strong></span> <span class='ocrx_word' id='word_1_6' title='bbox 487 396 570 444; x_wconf 88' lang='lat' dir='ltr'><strong>neque</strong></span> <span class='ocrx_word' id='word_1_7' title='bbox 583 382 722 431; x_wconf 87' lang='lat' dir='ltr'><strong>sollicitum</strong></span> <span class='ocrx_word' id='word_1_8' title='bbox 734 397 768 432; x_wconf 89' lang='lat' dir='ltr'><strong>ne</strong></span> 
     </span>
     <span class='ocr_line' id='line_1_3' title="bbox 135 449 710 520; baseline 0.007 -6"><span class='ocrx_word' id='word_1_9' title='bbox 135 467 212 517; x_wconf 86' lang='lat' dir='ltr'><strong>ditior</strong></span> <span class='ocrx_word' id='word_1_10' title='bbox 225 477 269 517; x_wconf 83' lang='lat' dir='ltr'><strong>aut</strong></span> <span class='ocrx_word' id='word_1_11' title='bbox 280 449 378 518; x_wconf 79' lang='lat' dir='ltr'><strong>formae</strong></span> <span class='ocrx_word' id='word_1_12' title='bbox 391 470 506 518; x_wconf 87' lang='lat' dir='ltr'><strong>melioris</strong></span> <span class='ocrx_word' id='word_1_13' title='bbox 518 472 597 520; x_wconf 88' lang='lat' dir='ltr'><strong>meiat</strong></span> <span class='ocrx_word' id='word_1_14' title='bbox 609 472 710 520; x_wconf 85' lang='lat' dir='ltr'><strong>eodem.</strong></span> 
     </span>
     <span class='ocr_line' id='line_1_4' title="bbox 134 558 751 622; baseline 0.006 -18"><span class='ocrx_word' id='word_1_15' title='bbox 134 564 163 604; x_wconf 89' lang='lat' dir='ltr'><strong>tu</strong></span> <span class='ocrx_word' id='word_1_16' title='bbox 176 571 234 605; x_wconf 91' lang='lat' dir='ltr'><strong>cum</strong></span> <span class='ocrx_word' id='word_1_17' title='bbox 246 558 366 621; x_wconf 85' lang='lat' dir='ltr'><strong>proiectis</strong></span> <span class='ocrx_word' id='word_1_18' title='bbox 379 558 532 620; x_wconf 86' lang='lat' dir='ltr'>insignibus,</span> <span class='ocrx_word' id='word_1_19' title='bbox 548 561 626 608; x_wconf 82' lang='lat' dir='ltr'><strong>anulo</strong></span> <span class='ocrx_word' id='word_1_20' title='bbox 640 559 751 622; x_wconf 79' lang='lat' dir='ltr'><strong>equestri</strong></span> 
     </span>
     <span class='ocr_line' id='line_1_5' title="bbox 135 644 757 710; baseline 0.003 -17"><span class='ocrx_word' id='word_1_21' title='bbox 135 644 306 709; x_wconf 88' lang='lat' dir='ltr'><strong>Romanoque</strong></span> <span class='ocrx_word' id='word_1_22' title='bbox 318 647 415 706; x_wconf 89' lang='lat' dir='ltr'><strong>habitu,</strong></span> <span class='ocrx_word' id='word_1_23' title='bbox 431 649 519 710; x_wconf 90' lang='lat' dir='ltr'><strong>prodis</strong></span> <span class='ocrx_word' id='word_1_24' title='bbox 533 662 566 697; x_wconf 85' lang='lat' dir='ltr'><strong>ex</strong></span> <span class='ocrx_word' id='word_1_25' title='bbox 577 650 660 698; x_wconf 87' lang='lat' dir='ltr'><strong>iudice</strong></span> <span class='ocrx_word' id='word_1_26' title='bbox 672 648 757 696; x_wconf 86' lang='lat' dir='ltr'><strong>Dama</strong></span> 
     </span>
     <span class='ocr_line' id='line_1_6' title="bbox 89 733 763 799; baseline 0.003 -17"><span class='ocrx_word' id='word_1_27' title='bbox 89 743 119 782; x_wconf 74' lang='lat' dir='ltr'><strong>tt</strong></span> <span class='ocrx_word' id='word_1_28' title='bbox 133 733 222 798; x_wconf 87' lang='lat' dir='ltr'><strong>turpis,</strong></span> <span class='ocrx_word' id='word_1_29' title='bbox 239 736 375 783; x_wconf 87' lang='lat' dir='ltr'><strong>odoratum</strong></span> <span class='ocrx_word' id='word_1_30' title='bbox 388 744 466 799; x_wconf 91' lang='lat' dir='ltr'><strong>caput</strong></span> <span class='ocrx_word' id='word_1_31' title='bbox 478 738 636 786; x_wconf 78' lang='lat' dir='ltr'><strong>obscurante</strong></span> <span class='ocrx_word' id='word_1_32' title='bbox 650 738 763 794; x_wconf 88' lang='lat' dir='ltr'><strong>lacerna,</strong></span> 
     </span>
     <span class='ocr_line' id='line_1_7' title="bbox 135 824 816 888; baseline 0.007 -19"><span class='ocrx_word' id='word_1_33' title='bbox 135 836 189 870; x_wconf 90' lang='lat' dir='ltr'><strong>uon</strong></span> <span class='ocrx_word' id='word_1_34' title='bbox 203 837 229 871; x_wconf 87' lang='lat' dir='ltr'><strong>ea</strong></span> <span class='ocrx_word' id='word_1_35' title='bbox 243 825 312 886; x_wconf 90' lang='lat' dir='ltr'><strong>quod</strong></span> <span class='ocrx_word' id='word_1_36' title='bbox 326 824 448 873; x_wconf 82' lang='lat' dir='ltr'><strong>simulas?</strong></span> <span class='ocrx_word' id='word_1_37' title='bbox 466 834 583 874; x_wconf 86' lang='lat' dir='ltr'><strong>metuens</strong></span> <span class='ocrx_word' id='word_1_38' title='bbox 595 825 724 874; x_wconf 87' lang='lat' dir='ltr'><strong>induceris</strong></span> <span class='ocrx_word' id='word_1_39' title='bbox 737 834 816 888; x_wconf 82' lang='lat' dir='ltr'><strong>atque</strong></span> 
     </span>
     <span class='ocr_line' id='line_1_8' title="bbox 134 910 727 977; baseline 0.003 -19"><span class='ocrx_word' id='word_1_40' title='bbox 134 910 277 961; x_wconf 74' lang='lat' dir='ltr'><strong>altercante</strong></span> <span class='ocrx_word' id='word_1_41' title='bbox 289 913 437 962; x_wconf 86' lang='lat' dir='ltr'><strong>libidinibus</strong></span> <span class='ocrx_word' id='word_1_42' title='bbox 450 914 538 963; x_wconf 88' lang='lat' dir='ltr'><strong>tremis</strong></span> <span class='ocrx_word' id='word_1_43' title='bbox 552 929 612 963; x_wconf 88' lang='lat' dir='ltr'><strong>ossa</strong></span> <span class='ocrx_word' id='word_1_44' title='bbox 625 927 727 977; x_wconf 86' lang='lat' dir='ltr'><strong>pavore.</strong></span> 
     </span>
     <span class='ocr_line' id='line_1_9' title="bbox 135 1000 672 1064; baseline 0.006 -17"><span class='ocrx_word' id='word_1_45' title='bbox 135 1000 196 1063; x_wconf 92' lang='lat' dir='ltr'><strong>quid</strong></span> <span class='ocrx_word' id='word_1_46' title='bbox 210 1001 295 1060; x_wconf 82' lang='lat' dir='ltr'><strong>refert,</strong></span> <span class='ocrx_word' id='word_1_47' title='bbox 311 1001 349 1049; x_wconf 90' lang='lat' dir='ltr'><strong>uri</strong></span> <span class='ocrx_word' id='word_1_48' title='bbox 361 1001 439 1064; x_wconf 80' lang='lat' dir='ltr'><strong>virgis</strong></span> <span class='ocrx_word' id='word_1_49' title='bbox 453 1002 574 1064; x_wconf 85' lang='lat' dir='ltr'><strong>ferroque</strong></span> <span class='ocrx_word' id='word_1_50' title='bbox 587 1002 672 1050; x_wconf 86' lang='lat' dir='ltr'><strong>necari</strong></span> 
     </span>
     <span class='ocr_line' id='line_1_10' title="bbox 134 1090 715 1153; baseline 0.003 -17"><span class='ocrx_word' id='word_1_51' title='bbox 134 1097 280 1138; x_wconf 82' lang='lat' dir='ltr'><strong>auctoratus</strong></span> <span class='ocrx_word' id='word_1_52' title='bbox 294 1104 346 1148; x_wconf 85' lang='lat' dir='ltr'><strong>eas,</strong></span> <span class='ocrx_word' id='word_1_53' title='bbox 362 1105 396 1138; x_wconf 89' lang='lat' dir='ltr'><strong>an</strong></span> <span class='ocrx_word' id='word_1_54' title='bbox 409 1090 477 1153; x_wconf 87' lang='lat' dir='ltr'><strong>turpi</strong></span> <span class='ocrx_word' id='word_1_55' title='bbox 491 1091 593 1139; x_wconf 85' lang='lat' dir='ltr'><strong>clausus</strong></span> <span class='ocrx_word' id='word_1_56' title='bbox 607 1091 632 1138; x_wconf 92' lang='lat' dir='ltr'><strong>in</strong></span> <span class='ocrx_word' id='word_1_57' title='bbox 646 1105 715 1138; x_wconf 88' lang='lat' dir='ltr'><strong>arca.</strong></span> 
     </span>
     <span class='ocr_line' id='line_1_11' title="bbox 89 1179 656 1242; baseline 0.004 -17"><span class='ocrx_word' id='word_1_58' title='bbox 89 1185 120 1226; x_wconf 82' lang='lat' dir='ltr'><strong>to</strong></span> <span class='ocrx_word' id='word_1_59' title='bbox 135 1192 187 1240; x_wconf 91' lang='lat' dir='ltr'><strong>quo</strong></span> <span class='ocrx_word' id='word_1_60' title='bbox 200 1186 225 1226; x_wconf 89' lang='lat' dir='ltr'><strong>te</strong></span> <span class='ocrx_word' id='word_1_61' title='bbox 238 1179 339 1227; x_wconf 85' lang='lat' dir='ltr'>demisit</span> <span class='ocrx_word' id='word_1_62' title='bbox 352 1180 450 1242; x_wconf 84' lang='lat' dir='ltr'><strong>pcccati</strong></span> <span class='ocrx_word' id='word_1_63' title='bbox 463 1180 567 1227; x_wconf 84' lang='lat' dir='ltr'><strong>conscia</strong></span> <span class='ocrx_word' id='word_1_64' title='bbox 579 1179 656 1237; x_wconf 87' lang='lat' dir='ltr'><strong>erilis,</strong></span> 
     </span>
     <span class='ocr_line' id='line_1_12' title="bbox 134 1267 841 1332; baseline 0.001 -18"><span class='ocrx_word' id='word_1_65' title='bbox 134 1274 295 1316; x_wconf 83' lang='lat' dir='ltr'><strong>contractum</strong></span> <span class='ocrx_word' id='word_1_66' title='bbox 308 1269 416 1330; x_wconf 86' lang='lat' dir='ltr'><strong>genibus</strong></span> <span class='ocrx_word' id='word_1_67' title='bbox 429 1276 522 1330; x_wconf 83' lang='lat' dir='ltr'><strong>tangas</strong></span> <span class='ocrx_word' id='word_1_68' title='bbox 535 1268 630 1332; x_wconf 81' lang='lat' dir='ltr'><strong>caput?</strong></span> <span class='ocrx_word' id='word_1_69' title='bbox 648 1275 720 1316; x_wconf 87' lang='lat' dir='ltr'><strong>estne</strong></span> <span class='ocrx_word' id='word_1_70' title='bbox 732 1267 826 1316; x_wconf 89' lang='lat' dir='ltr'><strong>marito</strong></span> <span class='ocrx_word' id='word_1_71' title='bbox 838 1305 841 1309; x_wconf 88' lang='lat'><em>.</em></span> 
     </span>
     <span class='ocr_line' id='line_1_13' title="bbox 134 1355 760 1419; baseline 0 -17"><span class='ocrx_word' id='word_1_72' title='bbox 134 1362 267 1404; x_wconf 85' lang='lat' dir='ltr'><strong>matronae</strong></span> <span class='ocrx_word' id='word_1_73' title='bbox 280 1358 408 1419; x_wconf 84' lang='lat' dir='ltr'><strong>peccantis</strong></span> <span class='ocrx_word' id='word_1_74' title='bbox 421 1357 447 1405; x_wconf 91' lang='lat' dir='ltr'><strong>in</strong></span> <span class='ocrx_word' id='word_1_75' title='bbox 461 1358 538 1405; x_wconf 88' lang='lat' dir='ltr'><strong>ambo</strong></span> <span class='ocrx_word' id='word_1_76' title='bbox 550 1356 616 1405; x_wconf 83' lang='lat' dir='ltr'><strong>iusta</strong></span> <span class='ocrx_word' id='word_1_77' title='bbox 629 1355 760 1419; x_wconf 80' lang='lat' dir='ltr'><strong>potestas?</strong></span> 
     </span>
     <span class='ocr_line' id='line_1_14' title="bbox 133 1443 730 1507; baseline 0.002 -16"><span class='ocrx_word' id='word_1_78' title='bbox 133 1443 161 1491; x_wconf 92' lang='lat' dir='ltr'><strong>in</strong></span> <span class='ocrx_word' id='word_1_79' title='bbox 175 1452 351 1507; x_wconf 85' lang='lat' dir='ltr'><strong>corruptorem</strong></span> <span class='ocrx_word' id='word_1_80' title='bbox 364 1446 403 1493; x_wconf 86' lang='lat' dir='ltr'><strong>vei</strong></span> <span class='ocrx_word' id='word_1_81' title='bbox 416 1445 516 1493; x_wconf 90' lang='lat' dir='ltr'><strong>iustior.</strong></span> <span class='ocrx_word' id='word_1_82' title='bbox 544 1444 590 1493; x_wconf 87' lang='lat' dir='ltr'><strong>ilia</strong></span> <span class='ocrx_word' id='word_1_83' title='bbox 603 1453 688 1494; x_wconf 88' lang='lat' dir='ltr'><strong>tamen</strong></span> <span class='ocrx_word' id='word_1_84' title='bbox 702 1459 730 1492; x_wconf 89' lang='lat' dir='ltr'><strong>se</strong></span> 
     </span>
     <span class='ocr_line' id='line_1_15' title="bbox 134 1532 763 1597; baseline 0.003 -18"><span class='ocrx_word' id='word_1_85' title='bbox 134 1547 188 1580; x_wconf 91' lang='lat' dir='ltr'><strong>non</strong></span> <span class='ocrx_word' id='word_1_86' title='bbox 202 1532 290 1581; x_wconf 89' lang='lat' dir='ltr'><strong>habitu</strong></span> <span class='ocrx_word' id='word_1_87' title='bbox 303 1541 413 1582; x_wconf 81' lang='lat' dir='ltr'><strong>mutatve</strong></span> <span class='ocrx_word' id='word_1_88' title='bbox 426 1535 494 1592; x_wconf 90' lang='lat' dir='ltr'><strong>loco,</strong></span> <span class='ocrx_word' id='word_1_89' title='bbox 510 1542 629 1596; x_wconf 82' lang='lat' dir='ltr'><strong>peccatve</strong></span> <span class='ocrx_word' id='word_1_90' title='bbox 643 1547 763 1597; x_wconf 89' lang='lat' dir='ltr'><strong>superne,</strong></span> 
     </span>
     <span class='ocr_line' id='line_1_16' title="bbox 88 1618 783 1685; baseline 0.001 -17"><span class='ocrx_word' id='word_1_91' title='bbox 88 1628 119 1669; x_wconf 76' lang='lat'><strong>65</strong></span> <span class='ocrx_word' id='word_1_92' title='bbox 135 1635 192 1669; x_wconf 91' lang='lat' dir='ltr'><strong>cum</strong></span> <span class='ocrx_word' id='word_1_93' title='bbox 205 1629 230 1669; x_wconf 91' lang='lat' dir='ltr'><strong>te</strong></span> <span class='ocrx_word' id='word_1_94' title='bbox 243 1618 363 1670; x_wconf 82' lang='lat' dir='ltr'><strong>formidet</strong></span> <span class='ocrx_word' id='word_1_95' title='bbox 375 1621 467 1670; x_wconf 87' lang='lat' dir='ltr'><strong>mulier</strong></span> <span class='ocrx_word' id='word_1_96' title='bbox 479 1636 563 1685; x_wconf 88' lang='lat' dir='ltr'><strong>neque</strong></span> <span class='ocrx_word' id='word_1_97' title='bbox 577 1622 665 1671; x_wconf 86' lang='lat' dir='ltr'><strong>credat</strong></span> <span class='ocrx_word' id='word_1_98' title='bbox 677 1622 783 1670; x_wconf 85' lang='lat' dir='ltr'><strong>amanti.</strong></span> 
     </span>
     <span class='ocr_line' id='line_1_17' title="bbox 133 1708 771 1774; baseline 0.005 -18"><span class='ocrx_word' id='word_1_99' title='bbox 133 1708 182 1757; x_wconf 91' lang='lat' dir='ltr'><strong>ibis</strong></span> <span class='ocrx_word' id='word_1_100' title='bbox 195 1711 243 1758; x_wconf 88' lang='lat' dir='ltr'><strong>sub</strong></span> <span class='ocrx_word' id='word_1_101' title='bbox 256 1709 354 1758; x_wconf 85' lang='lat' dir='ltr'><strong>furcam</strong></span> <span class='ocrx_word' id='word_1_102' title='bbox 367 1711 489 1774; x_wconf 83' lang='lat' dir='ltr'><strong>prudens,</strong></span> <span class='ocrx_word' id='word_1_103' title='bbox 506 1711 663 1773; x_wconf 90' lang='lat' dir='ltr'><strong>dominoque</strong></span> <span class='ocrx_word' id='word_1_104' title='bbox 676 1710 771 1759; x_wconf 82' lang='lat' dir='ltr'><strong>furenti</strong></span> 
     </span>
     <span class='ocr_line' id='line_1_18' title="bbox 135 1798 892 1862; baseline 0.004 -18"><span class='ocrx_word' id='word_1_105' title='bbox 135 1798 277 1847; x_wconf 89' lang='lat' dir='ltr'><strong>committes</strong></span> <span class='ocrx_word' id='word_1_106' title='bbox 285 1800 564 1847; x_wconf 85' lang='lat' dir='ltr'><strong>remomnemctvitam</strong></span> <span class='ocrx_word' id='word_1_107' title='bbox 572 1798 892 1862; x_wconf 82' lang='lat' dir='ltr'><strong>etcumcorporefamam.</strong></span> 
     </span>
     <span class='ocr_line' id='line_1_19' title="bbox 134 1886 734 1950; baseline -0.003 -15"><span class='ocrx_word' id='word_1_108' title='bbox 134 1886 222 1935; x_wconf 82' lang='lat' dir='ltr'><strong>erasti.</strong></span> <span class='ocrx_word' id='word_1_109' title='bbox 250 1888 337 1946; x_wconf 90' lang='lat' dir='ltr'><strong>credo,</strong></span> <span class='ocrx_word' id='word_1_110' title='bbox 352 1894 450 1936; x_wconf 85' lang='lat' dir='ltr'><strong>metues</strong></span> <span class='ocrx_word' id='word_1_111' title='bbox 464 1888 606 1950; x_wconf 89' lang='lat' dir='ltr'><strong>doctusque</strong></span> <span class='ocrx_word' id='word_1_112' title='bbox 619 1887 734 1936; x_wconf 75' lang='lat' dir='ltr'><strong>cavebisz</strong></span> 
     </span>
     <span class='ocr_line' id='line_1_20' title="bbox 134 1975 833 2040; baseline 0.003 -18"><span class='ocrx_word' id='word_1_113' title='bbox 134 1990 251 2039; x_wconf 86' lang='lat' dir='ltr'><strong>quaeres,</strong></span> <span class='ocrx_word' id='word_1_114' title='bbox 267 1975 371 2039; x_wconf 88' lang='lat' dir='ltr'><strong>quando</strong></span> <span class='ocrx_word' id='word_1_115' title='bbox 383 1975 474 2024; x_wconf 90' lang='lat' dir='ltr'><strong>iterum</strong></span> <span class='ocrx_word' id='word_1_116' title='bbox 487 1990 581 2039; x_wconf 86' lang='lat' dir='ltr'><strong>paveas</strong></span> <span class='ocrx_word' id='word_1_117' title='bbox 594 1977 735 2038; x_wconf 87' lang='lat' dir='ltr'><strong>iterumque</strong></span> <span class='ocrx_word' id='word_1_118' title='bbox 748 1977 833 2040; x_wconf 87' lang='lat' dir='ltr'><strong>perire</strong></span> 
     </span>
     <span class='ocr_line' id='line_1_21' title="bbox 88 2064 762 2128; baseline 0 -16"><span class='ocrx_word' id='word_1_119' title='bbox 88 2073 119 2112; x_wconf 79' lang='lat' dir='ltr'><strong>to</strong></span> <span class='ocrx_word' id='word_1_120' title='bbox 135 2065 229 2127; x_wconf 87' lang='lat' dir='ltr'><strong>possis,</strong></span> <span class='ocrx_word' id='word_1_121' title='bbox 245 2079 260 2112; x_wconf 91' lang='lat' dir='ltr'><strong>o</strong></span> <span class='ocrx_word' id='word_1_122' title='bbox 273 2064 367 2113; x_wconf 88' lang='lat' dir='ltr'><strong>totiens</strong></span> <span class='ocrx_word' id='word_1_123' title='bbox 381 2078 476 2112; x_wconf 82' lang='lat' dir='ltr'><strong>servus.</strong></span> <span class='ocrx_word' id='word_1_124' title='bbox 505 2079 571 2127; x_wconf 87' lang='lat' dir='ltr'><strong>quac</strong></span> <span class='ocrx_word' id='word_1_125' title='bbox 584 2065 661 2114; x_wconf 86' lang='lat' dir='ltr'><strong>belua</strong></span> <span class='ocrx_word' id='word_1_126' title='bbox 672 2065 762 2128; x_wconf 88' lang='lat' dir='ltr'><strong>ruptis,</strong></span> 
     </span>
     <span class='ocr_line' id='line_1_22' title="bbox 134 2153 754 2216; baseline 0 -16"><span class='ocrx_word' id='word_1_127' title='bbox 134 2167 192 2201; x_wconf 93' lang='lat' dir='ltr'><strong>cum</strong></span> <span class='ocrx_word' id='word_1_128' title='bbox 205 2154 283 2202; x_wconf 89' lang='lat' dir='ltr'><strong>semel</strong></span> <span class='ocrx_word' id='word_1_129' title='bbox 298 2153 393 2216; x_wconf 81' lang='lat' dir='ltr'><strong>effugit,</strong></span> <span class='ocrx_word' id='word_1_130' title='bbox 409 2154 493 2201; x_wconf 87' lang='lat' dir='ltr'><strong>reddit</strong></span> <span class='ocrx_word' id='word_1_131' title='bbox 506 2167 533 2200; x_wconf 91' lang='lat' dir='ltr'><strong>se</strong></span> <span class='ocrx_word' id='word_1_132' title='bbox 548 2168 625 2216; x_wconf 86' lang='lat' dir='ltr'><strong>prava</strong></span> <span class='ocrx_word' id='word_1_133' title='bbox 638 2153 754 2202; x_wconf 80' lang='lat' dir='ltr'><strong>catenis?</strong></span> 
     </span>
     <span class='ocr_line' id='line_1_23' title="bbox 133 2241 893 2304; baseline 0.003 -15"><span class='ocrx_word' id='word_1_134' title='bbox 133 2241 203 2290; x_wconf 88' lang='lat' dir='ltr'><strong>“non</strong></span> <span class='ocrx_word' id='word_1_135' title='bbox 217 2257 273 2290; x_wconf 93' lang='lat' dir='ltr'><strong>sum</strong></span> <span class='ocrx_word' id='word_1_136' title='bbox 285 2242 424 2290; x_wconf 87' lang='lat' dir='ltr'><strong>moechus¹²</strong></span> <span class='ocrx_word' id='word_1_137' title='bbox 442 2242 494 2289; x_wconf 85' lang='lat' dir='ltr'><strong>ais:</strong></span> <span class='ocrx_word' id='word_1_138' title='bbox 515 2255 600 2304; x_wconf 88' lang='lat' dir='ltr'><strong>noque</strong></span> <span class='ocrx_word' id='word_1_139' title='bbox 614 2256 678 2304; x_wconf 82' lang='lat' dir='ltr'><strong>ego,</strong></span> <span class='ocrx_word' id='word_1_140' title='bbox 699 2242 817 2301; x_wconf 87' lang='lat' dir='ltr'><strong>hercule,</strong></span> <span class='ocrx_word' id='word_1_141' title='bbox 840 2243 893 2302; x_wconf 83' lang='lat' dir='ltr'><strong>fur,</strong></span> 
     </span>
     <span class='ocr_line' id='line_1_24' title="bbox 497 2331 614 2378; baseline -0.009 -1"><span class='ocrx_word' id='word_1_142' title='bbox 497 2331 539 2378; x_wconf 89' lang='lat' dir='ltr'><strong>ubi</strong></span> <span class='ocrx_word' id='word_1_143' title='bbox 552 2343 614 2377; x_wconf 78' lang='lat' dir='ltr'><strong>vasa</strong></span> 
     </span>
     <span class='ocr_line' id='line_1_25' title="bbox 134 2417 763 2482; baseline 0 -17"><span class='ocrx_word' id='word_1_144' title='bbox 134 2427 266 2482; x_wconf 85' lang='lat' dir='ltr'><strong>praetereo</strong></span> <span class='ocrx_word' id='word_1_145' title='bbox 280 2419 382 2482; x_wconf 89' lang='lat' dir='ltr'><strong>sapiens</strong></span> <span class='ocrx_word' id='word_1_146' title='bbox 396 2427 527 2481; x_wconf 81' lang='lat' dir='ltr'><strong>argentea.</strong></span> <span class='ocrx_word' id='word_1_147' title='bbox 555 2419 618 2467; x_wconf 87' lang='lat' dir='ltr'><strong>tolle</strong></span> <span class='ocrx_word' id='word_1_148' title='bbox 631 2417 763 2481; x_wconf 86' lang='lat' dir='ltr'><strong>periclum,</strong></span> 
     </span>
     <span class='ocr_line' id='line_1_26' title="bbox 133 2506 715 2571; baseline 0 -17"><span class='ocrx_word' id='word_1_149' title='bbox 133 2506 185 2554; x_wconf 88' lang='lat' dir='ltr'><strong>iam</strong></span> <span class='ocrx_word' id='word_1_150' title='bbox 197 2522 262 2570; x_wconf 86' lang='lat' dir='ltr'><strong>vaga</strong></span> <span class='ocrx_word' id='word_1_151' title='bbox 274 2507 391 2571; x_wconf 87' lang='lat' dir='ltr'><strong>prosiliet</strong></span> <span class='ocrx_word' id='word_1_152' title='bbox 403 2507 483 2555; x_wconf 85' lang='lat' dir='ltr'><strong>frenis</strong></span> <span class='ocrx_word' id='word_1_153' title='bbox 497 2515 588 2556; x_wconf 84' lang='lat' dir='ltr'><strong>natura</strong></span> <span class='ocrx_word' id='word_1_154' title='bbox 602 2507 715 2555; x_wconf 86' lang='lat' dir='ltr'><strong>remotis.</strong></span> 
     </span>
     <span class='ocr_line' id='line_1_27' title="bbox 88 2595 833 2659; baseline 0.004 -17"><span class='ocrx_word' id='word_1_155' title='bbox 88 2603 119 2642; x_wconf 80' lang='lat' dir='ltr'><strong>tt&gt;</strong></span> <span class='ocrx_word' id='word_1_156' title='bbox 134 2603 195 2643; x_wconf 88' lang='lat' dir='ltr'><strong>tune</strong></span> <span class='ocrx_word' id='word_1_157' title='bbox 207 2596 268 2643; x_wconf 91' lang='lat' dir='ltr'><strong>mihi</strong></span> <span class='ocrx_word' id='word_1_158' title='bbox 283 2597 409 2655; x_wconf 87' lang='lat' dir='ltr'><strong>domiuus,</strong></span> <span class='ocrx_word' id='word_1_159' title='bbox 425 2610 510 2645; x_wconf 88' lang='lat' dir='ltr'><strong>rerum</strong></span> <span class='ocrx_word' id='word_1_160' title='bbox 521 2596 634 2659; x_wconf 84' lang='lat' dir='ltr'><strong>imperiis</strong></span> <span class='ocrx_word' id='word_1_161' title='bbox 646 2595 833 2658; x_wconf 86' lang='lat' dir='ltr'><strong>hominumque</strong></span> 
     </span>
     <span class='ocr_line' id='line_1_28' title="bbox 133 2683 848 2747; baseline 0.006 -18"><span class='ocrx_word' id='word_1_162' title='bbox 133 2690 172 2730; x_wconf 91' lang='lat' dir='ltr'><strong>tot</strong></span> <span class='ocrx_word' id='word_1_163' title='bbox 183 2683 311 2745; x_wconf 83' lang='lat' dir='ltr'><strong>tantisque</strong></span> <span class='ocrx_word' id='word_1_164' title='bbox 324 2684 416 2744; x_wconf 86' lang='lat' dir='ltr'><strong>minor,</strong></span> <span class='ocrx_word' id='word_1_165' title='bbox 432 2698 509 2747; x_wconf 89' lang='lat' dir='ltr'><strong>quem</strong></span> <span class='ocrx_word' id='word_1_166' title='bbox 521 2692 560 2732; x_wconf 85' lang='lat' dir='ltr'><strong>ter</strong></span> <span class='ocrx_word' id='word_1_167' title='bbox 572 2683 688 2732; x_wconf 79' lang='lat' dir='ltr'><strong>uindicta</strong></span> <span class='ocrx_word' id='word_1_168' title='bbox 700 2690 848 2747; x_wconf 85' lang='lat' dir='ltr'><strong>quaterque</strong></span> 
     </span>
    </p>
   </div>
   <div class='ocr_carea' id='block_1_3' title="bbox 0 0 969 3117">
    <p class='ocr_par' dir='ltr' id='par_1_3' title="bbox 0 0 969 3117">
     <span class='ocr_line' id='line_1_29' title="bbox 0 0 969 3117; baseline 0 0"><span class='ocrx_word' id='word_1_169' title='bbox 0 0 969 3117; x_wconf 95' lang='lat' dir='ltr'><strong> </strong></span> 
     </span>
    </p>
   </div>
  </div>
 </body>
</html>
