<?xml version="1.0" encoding="UTF-8"?>
<!DOCTYPE html PUBLIC "-//W3C//DTD XHTML 1.0 Transitional//EN"
    "http://www.w3.org/TR/xhtml1/DTD/xhtml1-transitional.dtd">
<html xmlns="http://www.w3.org/1999/xhtml" xml:lang="en" lang="en">
 <head>
  <title>
</title>
<meta http-equiv="Content-Type" content="text/html;charset=utf-8" />
  <meta name='ocr-system' content='tesseract 3.04.00' />
  <meta name='ocr-capabilities' content='ocr_page ocr_carea ocr_par ocr_line ocrx_word'/>
</head>
<body>
  <div class='ocr_page' id='page_1' title='image "./opera00haupgoog_0174.png"; bbox 0 0 1917 3117; ppageno 0'>
   <div class='ocr_carea' id='block_1_1' title="bbox 107 238 564 290">
    <p class='ocr_par' dir='ltr' id='par_1_1' title="bbox 107 238 564 290">
     <span class='ocr_line' id='line_1_1' title="bbox 107 238 564 290; baseline -0.015 -2"><span class='ocrx_word' id='word_1_1' title='bbox 107 238 159 290; x_wconf 71' lang='lat'><strong>150</strong></span> <span class='ocrx_word' id='word_1_2' title='bbox 399 242 564 282; x_wconf 73' lang='lat' dir='ltr'><strong>cnnnnnnn</strong></span> 
     </span>
    </p>
   </div>
   <div class='ocr_carea' id='block_1_2' title="bbox 72 398 526 728">
    <p class='ocr_par' dir='ltr' id='par_1_2' title="bbox 72 398 526 728">
     <span class='ocr_line' id='line_1_2' title="bbox 72 398 526 462; baseline 0 -15"><span class='ocrx_word' id='word_1_3' title='bbox 72 409 85 448; x_wconf 75' lang='lat' dir='ltr'><strong>n</strong></span> <span class='ocrx_word' id='word_1_4' title='bbox 105 398 192 462; x_wconf 81' lang='lat' dir='ltr'>fruges</span> <span class='ocrx_word' id='word_1_5' title='bbox 206 407 232 448; x_wconf 81' lang='lat' dir='ltr'><strong>et</strong></span> <span class='ocrx_word' id='word_1_6' title='bbox 244 400 311 462; x_wconf 84' lang='lat' dir='ltr'><strong>agris</strong></span> <span class='ocrx_word' id='word_1_7' title='bbox 324 400 419 448; x_wconf 81' lang='lat' dir='ltr'><strong>rettulit</strong></span> <span class='ocrx_word' id='word_1_8' title='bbox 432 401 526 460; x_wconf 84' lang='lat' dir='ltr'>uberis,</span> 
     </span>
     <span class='ocr_line' id='line_1_3' title="bbox 107 488 506 551; baseline -0.003 -15"><span class='ocrx_word' id='word_1_9' title='bbox 107 497 132 537; x_wconf 85' lang='lat' dir='ltr'><strong>et</strong></span> <span class='ocrx_word' id='word_1_10' title='bbox 144 488 220 551; x_wconf 83' lang='lat' dir='ltr'><strong>signa</strong></span> <span class='ocrx_word' id='word_1_11' title='bbox 232 496 319 537; x_wconf 84' lang='lat' dir='ltr'>nostro</span> <span class='ocrx_word' id='word_1_12' title='bbox 333 488 440 538; x_wconf 79' lang='lat' dir='ltr'><strong>restitnit</strong></span> <span class='ocrx_word' id='word_1_13' title='bbox 451 488 506 536; x_wconf 79' lang='lat' dir='ltr'><strong>Iovi</strong></span> 
     </span>
     <span class='ocr_line' id='line_1_4' title="bbox 107 577 504 640; baseline 0.008 -17"><span class='ocrx_word' id='word_1_14' title='bbox 107 577 211 640; x_wconf 82' lang='lat' dir='ltr'>derepta</span> <span class='ocrx_word' id='word_1_15' title='bbox 222 577 374 625; x_wconf 84' lang='lat' dir='ltr'><strong>Parthorum</strong></span> <span class='ocrx_word' id='word_1_16' title='bbox 387 577 504 639; x_wconf 84' lang='lat' dir='ltr'><strong>superbis</strong></span> 
     </span>
     <span class='ocr_line' id='line_1_5' title="bbox 106 666 495 728; baseline 0.003 -15"><span class='ocrx_word' id='word_1_17' title='bbox 106 666 231 728; x_wconf 78' lang='lat' dir='ltr'><strong>postibus,</strong></span> <span class='ocrx_word' id='word_1_18' title='bbox 247 673 272 713; x_wconf 85' lang='lat' dir='ltr'><strong>et</strong></span> <span class='ocrx_word' id='word_1_19' title='bbox 284 680 391 713; x_wconf 83' lang='lat' dir='ltr'><strong>vacuum</strong></span> <span class='ocrx_word' id='word_1_20' title='bbox 404 666 495 714; x_wconf 78' lang='lat' dir='ltr'><strong>duellis</strong></span> 
     </span>
    </p>
   </div>
   <div class='ocr_carea' id='block_1_3' title="bbox 56 807 583 1134">
    <p class='ocr_par' dir='ltr' id='par_1_3' title="bbox 56 807 583 960">
     <span class='ocr_line' id='line_1_6' title="bbox 106 807 583 867; baseline 0.002 -12"><span class='ocrx_word' id='word_1_21' title='bbox 106 807 199 856; x_wconf 82' lang='lat' dir='ltr'><strong>Ianum</strong></span> <span class='ocrx_word' id='word_1_22' title='bbox 212 807 311 867; x_wconf 86' lang='lat' dir='ltr'><strong>Qnin&#39;ni</strong></span> <span class='ocrx_word' id='word_1_23' title='bbox 326 809 416 856; x_wconf 79' lang='lat' dir='ltr'><strong>elausit</strong></span> <span class='ocrx_word' id='word_1_24' title='bbox 428 817 454 857; x_wconf 85' lang='lat' dir='ltr'><strong>et</strong></span> <span class='ocrx_word' id='word_1_25' title='bbox 466 809 583 857; x_wconf 82' lang='lat' dir='ltr'>ordinem</span> 
     </span>
     <span class='ocr_line' id='line_1_7' title="bbox 56 897 553 960; baseline 0.006 -16"><span class='ocrx_word' id='word_1_26' title='bbox 56 905 86 945; x_wconf 84' lang='lat'><strong>10</strong></span> <span class='ocrx_word' id='word_1_27' title='bbox 106 904 205 946; x_wconf 83' lang='lat' dir='ltr'>rectum</span> <span class='ocrx_word' id='word_1_28' title='bbox 217 898 334 960; x_wconf 80' lang='lat' dir='ltr'><strong>evaganti</strong></span> <span class='ocrx_word' id='word_1_29' title='bbox 347 897 420 946; x_wconf 81' lang='lat' dir='ltr'>frena</span> <span class='ocrx_word' id='word_1_30' title='bbox 433 897 553 947; x_wconf 78' lang='lat' dir='ltr'>licentiae</span> 
     </span>
    </p>

    <p class='ocr_par' dir='ltr' id='par_1_4' title="bbox 105 985 450 1049">
     <span class='ocr_line' id='line_1_8' title="bbox 105 985 450 1049; baseline 0.006 -16"><span class='ocrx_word' id='word_1_31' title='bbox 105 985 192 1035; x_wconf 82' lang='lat' dir='ltr'><strong>iniecit</strong></span> <span class='ocrx_word' id='word_1_32' title='bbox 205 986 348 1049; x_wconf 83' lang='lat' dir='ltr'>emovitque</span> <span class='ocrx_word' id='word_1_33' title='bbox 361 988 450 1049; x_wconf 77' lang='lat' dir='ltr'><strong>culpas</strong></span> 
     </span>
    </p>

    <p class='ocr_par' dir='ltr' id='par_1_5' title="bbox 107 1077 465 1134">
     <span class='ocr_line' id='line_1_9' title="bbox 107 1077 465 1134; baseline -0.003 -10"><span class='ocrx_word' id='word_1_34' title='bbox 107 1085 132 1124; x_wconf 88' lang='lat' dir='ltr'><strong>et</strong></span> <span class='ocrx_word' id='word_1_35' title='bbox 144 1083 241 1124; x_wconf 79' lang='lat' dir='ltr'>veteres</span> <span class='ocrx_word' id='word_1_36' title='bbox 255 1077 383 1124; x_wconf 79' lang='lat' dir='ltr'>revocavit</span> <span class='ocrx_word' id='word_1_37' title='bbox 395 1077 465 1134; x_wconf 82' lang='lat' dir='ltr'>artis,</span> 
     </span>
    </p>
   </div>
   <div class='ocr_carea' id='block_1_4' title="bbox 57 1218 601 1548">
    <p class='ocr_par' dir='ltr' id='par_1_6' title="bbox 106 1218 601 1281">
     <span class='ocr_line' id='line_1_10' title="bbox 106 1218 601 1281; baseline 0 -15"><span class='ocrx_word' id='word_1_38' title='bbox 106 1233 152 1280; x_wconf 88' lang='lat' dir='ltr'><strong>per</strong></span> <span class='ocrx_word' id='word_1_39' title='bbox 165 1233 227 1281; x_wconf 83' lang='lat' dir='ltr'><strong>quas</strong></span> <span class='ocrx_word' id='word_1_40' title='bbox 241 1218 361 1266; x_wconf 79' lang='lat' dir='ltr'><strong>Latinum</strong></span> <span class='ocrx_word' id='word_1_41' title='bbox 374 1233 468 1266; x_wconf 85' lang='lat' dir='ltr'><strong>nomen</strong></span> <span class='ocrx_word' id='word_1_42' title='bbox 482 1225 507 1266; x_wconf 85' lang='lat' dir='ltr'><strong>et</strong></span> <span class='ocrx_word' id='word_1_43' title='bbox 518 1218 601 1267; x_wconf 78' lang='lat' dir='ltr'>Italae</span> 
     </span>
    </p>

    <p class='ocr_par' dir='ltr' id='par_1_7' title="bbox 57 1307 559 1459">
     <span class='ocr_line' id='line_1_11' title="bbox 106 1307 559 1371; baseline 0 -16"><span class='ocrx_word' id='word_1_44' title='bbox 106 1321 207 1355; x_wconf 83' lang='lat' dir='ltr'>crevere</span> <span class='ocrx_word' id='word_1_45' title='bbox 220 1307 285 1356; x_wconf 78' lang='lat' dir='ltr'>vires</span> <span class='ocrx_word' id='word_1_46' title='bbox 299 1308 418 1370; x_wconf 82' lang='lat' dir='ltr'>famaque</span> <span class='ocrx_word' id='word_1_47' title='bbox 431 1316 457 1356; x_wconf 81' lang='lat' dir='ltr'><strong>et</strong></span> <span class='ocrx_word' id='word_1_48' title='bbox 468 1307 559 1371; x_wconf 87' lang='lat' dir='ltr'><strong>imperi</strong></span> 
     </span>
     <span class='ocr_line' id='line_1_12' title="bbox 57 1396 484 1459; baseline 0.005 -17"><span class='ocrx_word' id='word_1_49' title='bbox 57 1403 85 1445; x_wconf 77' lang='lat'><strong>15</strong></span> <span class='ocrx_word' id='word_1_50' title='bbox 107 1405 224 1459; x_wconf 81' lang='lat' dir='ltr'>porrecte</span> <span class='ocrx_word' id='word_1_51' title='bbox 236 1396 354 1445; x_wconf 80' lang='lat' dir='ltr'><strong>maiestas</strong></span> <span class='ocrx_word' id='word_1_52' title='bbox 368 1397 484 1445; x_wconf 82' lang='lat' dir='ltr'>adortus</span> 
     </span>
    </p>

    <p class='ocr_par' dir='ltr' id='par_1_8' title="bbox 107 1484 454 1548">
     <span class='ocr_line' id='line_1_13' title="bbox 107 1484 454 1548; baseline 0.006 -17"><span class='ocrx_word' id='word_1_53' title='bbox 107 1484 169 1532; x_wconf 81' lang='lat' dir='ltr'><strong>solis</strong></span> <span class='ocrx_word' id='word_1_54' title='bbox 183 1486 215 1532; x_wconf 79' lang='lat' dir='ltr'><strong>ab</strong></span> <span class='ocrx_word' id='word_1_55' title='bbox 229 1485 355 1548; x_wconf 88' lang='lat' dir='ltr'>Hesperio</span> <span class='ocrx_word' id='word_1_56' title='bbox 369 1486 454 1534; x_wconf 85' lang='lat' dir='ltr'><strong>cubili.</strong></span> 
     </span>
    </p>
   </div>
   <div class='ocr_carea' id='block_1_5' title="bbox 54 1616 584 1945">
    <p class='ocr_par' dir='ltr' id='par_1_9' title="bbox 106 1616 584 1870">
     <span class='ocr_line' id='line_1_14' title="bbox 107 1616 584 1677; baseline 0.004 -2"><span class='ocrx_word' id='word_1_57' title='bbox 107 1627 213 1676; x_wconf 85' lang='lat' dir='ltr'>custode</span> <span class='ocrx_word' id='word_1_58' title='bbox 226 1642 311 1676; x_wconf 86' lang='lat' dir='ltr'>rernm</span> <span class='ocrx_word' id='word_1_59' title='bbox 319 1616 433 1677; x_wconf 63' lang='lat' dir='ltr'>Caesare</span> <span class='ocrx_word' id='word_1_60' title='bbox 447 1643 500 1677; x_wconf 90' lang='lat' dir='ltr'><strong>non</strong></span> <span class='ocrx_word' id='word_1_61' title='bbox 513 1628 584 1677; x_wconf 85' lang='lat' dir='ltr'>furor</span> 
     </span>
     <span class='ocr_line' id='line_1_15' title="bbox 106 1716 499 1781; baseline 0.005 -18"><span class='ocrx_word' id='word_1_62' title='bbox 106 1716 186 1764; x_wconf 83' lang='lat' dir='ltr'><strong>civilis</strong></span> <span class='ocrx_word' id='word_1_63' title='bbox 199 1725 243 1765; x_wconf 78' lang='lat' dir='ltr'><strong>nui</strong></span> <span class='ocrx_word' id='word_1_64' title='bbox 254 1718 290 1765; x_wconf 87' lang='lat' dir='ltr'><strong>vis</strong></span> <span class='ocrx_word' id='word_1_65' title='bbox 304 1719 390 1781; x_wconf 80' lang='lat' dir='ltr'>exiget</span> <span class='ocrx_word' id='word_1_66' title='bbox 409 1718 499 1775; x_wconf 84' lang='lat' dir='ltr'><strong>otium,</strong></span> 
     </span>
     <span class='ocr_line' id='line_1_16' title="bbox 107 1806 513 1870; baseline 0 -17"><span class='ocrx_word' id='word_1_67' title='bbox 107 1820 160 1854; x_wconf 91' lang='lat' dir='ltr'><strong>non</strong></span> <span class='ocrx_word' id='word_1_68' title='bbox 173 1806 219 1865; x_wconf 78' lang='lat' dir='ltr'><strong>ira,</strong></span> <span class='ocrx_word' id='word_1_69' title='bbox 236 1821 302 1869; x_wconf 81' lang='lat' dir='ltr'>quae</span> <span class='ocrx_word' id='word_1_70' title='bbox 315 1807 431 1870; x_wconf 86' lang='lat' dir='ltr'>procudit</span> <span class='ocrx_word' id='word_1_71' title='bbox 444 1807 513 1855; x_wconf 73' lang='lat' dir='ltr'><strong>ensis</strong></span> 
     </span>
    </p>

    <p class='ocr_par' dir='ltr' id='par_1_10' title="bbox 54 1895 468 1945">
     <span class='ocr_line' id='line_1_17' title="bbox 54 1895 468 1945; baseline 0.005 -4"><span class='ocrx_word' id='word_1_72' title='bbox 54 1901 85 1941; x_wconf 79' lang='lat'><strong>20</strong></span> <span class='ocrx_word' id='word_1_73' title='bbox 107 1902 132 1942; x_wconf 86' lang='lat' dir='ltr'><strong>et</strong></span> <span class='ocrx_word' id='word_1_74' title='bbox 144 1895 251 1943; x_wconf 85' lang='lat' dir='ltr'>miseras</span> <span class='ocrx_word' id='word_1_75' title='bbox 263 1896 377 1944; x_wconf 72' lang='lat' dir='ltr'><strong>inimicat</strong></span> <span class='ocrx_word' id='word_1_76' title='bbox 388 1896 468 1945; x_wconf 86' lang='lat' dir='ltr'><strong>urbis.</strong></span> 
     </span>
    </p>
   </div>
   <div class='ocr_carea' id='block_1_6' title="bbox 105 2037 651 2368">
    <p class='ocr_par' dir='ltr' id='par_1_11' title="bbox 107 2037 651 2190">
     <span class='ocr_line' id='line_1_18' title="bbox 107 2037 651 2101; baseline 0.007 -18"><span class='ocrx_word' id='word_1_77' title='bbox 107 2051 160 2085; x_wconf 90' lang='lat' dir='ltr'><strong>non</strong></span> <span class='ocrx_word' id='word_1_78' title='bbox 175 2037 218 2100; x_wconf 92' lang='lat' dir='ltr'><strong>qui</strong></span> <span class='ocrx_word' id='word_1_79' title='bbox 231 2037 386 2101; x_wconf 85' lang='lat' dir='ltr'><strong>profundum</strong></span> <span class='ocrx_word' id='word_1_80' title='bbox 398 2039 548 2086; x_wconf 84' lang='lat' dir='ltr'><strong>Dnnubium</strong></span> <span class='ocrx_word' id='word_1_81' title='bbox 561 2039 651 2087; x_wconf 88' lang='lat' dir='ltr'><strong>bibunt</strong></span> 
     </span>
     <span class='ocr_line' id='line_1_19' title="bbox 107 2126 581 2190; baseline 0.004 -16"><span class='ocrx_word' id='word_1_82' title='bbox 107 2126 191 2175; x_wconf 83' lang='lat' dir='ltr'>edicte</span> <span class='ocrx_word' id='word_1_83' title='bbox 203 2135 323 2190; x_wconf 80' lang='lat' dir='ltr'><strong>rumpent</strong></span> <span class='ocrx_word' id='word_1_84' title='bbox 334 2127 407 2186; x_wconf 79' lang='lat' dir='ltr'><strong>Iulia,</strong></span> <span class='ocrx_word' id='word_1_85' title='bbox 423 2143 477 2176; x_wconf 89' lang='lat' dir='ltr'><strong>non</strong></span> <span class='ocrx_word' id='word_1_86' title='bbox 492 2127 581 2186; x_wconf 80' lang='lat' dir='ltr'>Getae,</span> 
     </span>
    </p>

    <p class='ocr_par' dir='ltr' id='par_1_12' title="bbox 106 2213 480 2274">
     <span class='ocr_line' id='line_1_20' title="bbox 106 2213 480 2274; baseline 0 -11"><span class='ocrx_word' id='word_1_87' title='bbox 106 2230 160 2263; x_wconf 88' lang='lat' dir='ltr'><strong>non</strong></span> <span class='ocrx_word' id='word_1_88' title='bbox 174 2213 249 2264; x_wconf 82' lang='lat' dir='ltr'>Seres</span> <span class='ocrx_word' id='word_1_89' title='bbox 261 2216 364 2265; x_wconf 81' lang='lat' dir='ltr'><strong>infidive</strong></span> <span class='ocrx_word' id='word_1_90' title='bbox 377 2216 480 2274; x_wconf 79' lang='lat' dir='ltr'>Persae,</span> 
     </span>
    </p>

    <p class='ocr_par' dir='ltr' id='par_1_13' title="bbox 105 2305 546 2368">
     <span class='ocr_line' id='line_1_21' title="bbox 105 2305 546 2368; baseline 0.002 -16"><span class='ocrx_word' id='word_1_91' title='bbox 105 2319 160 2352; x_wconf 89' lang='lat' dir='ltr'><strong>non</strong></span> <span class='ocrx_word' id='word_1_92' title='bbox 172 2305 273 2353; x_wconf 78' lang='lat' dir='ltr'><strong>Tanain</strong></span> <span class='ocrx_word' id='word_1_93' title='bbox 286 2320 366 2368; x_wconf 87' lang='lat' dir='ltr'>prope</span> <span class='ocrx_word' id='word_1_94' title='bbox 379 2305 474 2352; x_wconf 87' lang='lat' dir='ltr'><strong>flumen</strong></span> <span class='ocrx_word' id='word_1_95' title='bbox 488 2306 546 2353; x_wconf 84' lang='lat' dir='ltr'>orti.</span> 
     </span>
    </p>
   </div>
   <div class='ocr_carea' id='block_1_7' title="bbox 54 2447 619 2776">
    <p class='ocr_par' dir='ltr' id='par_1_14' title="bbox 54 2447 619 2776">
     <span class='ocr_line' id='line_1_22' title="bbox 54 2447 619 2509; baseline 0.005 -16"><span class='ocrx_word' id='word_1_96' title='bbox 54 2453 85 2494; x_wconf 78' lang='lat'><strong>25</strong></span> <span class='ocrx_word' id='word_1_97' title='bbox 107 2460 206 2509; x_wconf 85' lang='lat' dir='ltr'>nosque</span> <span class='ocrx_word' id='word_1_98' title='bbox 220 2454 245 2495; x_wconf 81' lang='lat' dir='ltr'><strong>et</strong></span> <span class='ocrx_word' id='word_1_99' title='bbox 257 2447 376 2509; x_wconf 86' lang='lat' dir='ltr'>profestis</span> <span class='ocrx_word' id='word_1_100' title='bbox 388 2448 488 2496; x_wconf 85' lang='lat' dir='ltr'><strong>lucibus</strong></span> <span class='ocrx_word' id='word_1_101' title='bbox 501 2456 527 2498; x_wconf 83' lang='lat' dir='ltr'><strong>et</strong></span> <span class='ocrx_word' id='word_1_102' title='bbox 539 2449 619 2498; x_wconf 77' lang='lat' dir='ltr'><strong>saeris</strong></span> 
     </span>
     <span class='ocr_line' id='line_1_23' title="bbox 105 2535 493 2598; baseline 0.01 -16"><span class='ocrx_word' id='word_1_103' title='bbox 105 2536 172 2583; x_wconf 88' lang='lat' dir='ltr'><strong>inter</strong></span> <span class='ocrx_word' id='word_1_104' title='bbox 185 2535 265 2583; x_wconf 78' lang='lat' dir='ltr'><strong>iocosi</strong></span> <span class='ocrx_word' id='word_1_105' title='bbox 278 2550 385 2585; x_wconf 80' lang='lat' dir='ltr'>munera</span> <span class='ocrx_word' id='word_1_106' title='bbox 398 2537 493 2598; x_wconf 81' lang='lat' dir='ltr'><strong>Liberi,</strong></span> 
     </span>
     <span class='ocr_line' id='line_1_24' title="bbox 106 2624 544 2688; baseline 0.009 -17"><span class='ocrx_word' id='word_1_107' title='bbox 106 2637 164 2671; x_wconf 86' lang='lat' dir='ltr'><strong>eum</strong></span> <span class='ocrx_word' id='word_1_108' title='bbox 177 2624 250 2687; x_wconf 87' lang='lat' dir='ltr'>prole</span> <span class='ocrx_word' id='word_1_109' title='bbox 263 2626 438 2688; x_wconf 80' lang='lat' dir='ltr'><strong>matronisque</strong></span> <span class='ocrx_word' id='word_1_110' title='bbox 451 2627 544 2675; x_wconf 84' lang='lat' dir='ltr'><strong>nostris</strong></span> 
     </span>
     <span class='ocr_line' id='line_1_25' title="bbox 105 2712 467 2776; baseline 0.014 -18"><span class='ocrx_word' id='word_1_111' title='bbox 105 2712 153 2760; x_wconf 82' lang='lat' dir='ltr'><strong>rite</strong></span> <span class='ocrx_word' id='word_1_112' title='bbox 166 2712 228 2760; x_wconf 88' lang='lat' dir='ltr'>deos</span> <span class='ocrx_word' id='word_1_113' title='bbox 244 2713 311 2774; x_wconf 83' lang='lat' dir='ltr'>prius</span> <span class='ocrx_word' id='word_1_114' title='bbox 326 2714 467 2776; x_wconf 78' lang='lat' dir='ltr'><strong>adprecati,</strong></span> 
     </span>
    </p>
   </div>
   <div class='ocr_carea' id='block_1_8' title="bbox 0 0 964 3117">
    <p class='ocr_par' dir='ltr' id='par_1_15' title="bbox 0 0 964 3117">
     <span class='ocr_line' id='line_1_26' title="bbox 0 0 964 3117; baseline 0 1"><span class='ocrx_word' id='word_1_115' title='bbox 0 0 964 3117; x_wconf 95' lang='lat' dir='ltr'><strong> </strong></span> 
     </span>
    </p>
   </div>
  </div>
 </body>
</html>
