1917 3117
151 201 206 252 dol
406 205 621 246 nrmrnasaun

152 375 229 424 quem
241 361 398 424 paupertatis
410 363 495 425 pudor
506 371 531 411 et
543 361 612 425 luga,
629 363 697 412 dives
709 364 815 423 amicua

107 456 139 498 nt
153 463 231 512 saepe
244 450 332 498 decem
344 449 409 498 vitiis
421 451 577 510 instructior,
593 452 647 500 odit
659 459 684 500 et
697 453 791 513 horret,

153 545 206 598 ant,
221 538 242 585 si
254 553 309 586 non
322 538 384 596 odit,
400 539 466 600 regit
478 552 509 586 ac
521 539 600 588 veluti
612 540 656 603 pia
667 552 748 589 mater

152 626 210 690 plus
223 640 301 689 quam
312 640 341 674 se
353 641 444 689 sapere
456 634 481 675 et
492 627 625 676 nautibus
638 642 694 676 esse
707 630 819 692 priorem

151 715 205 763 volt
217 724 243 764 et
255 714 290 763 ait
301 729 383 778 prope
394 728 468 763 vera:
489 715 570 763 ‘meae
586 715 754 778 (contendere
766 717 836 780 noli)

152 802 286 852 stultitiam
299 802 430 865 patiuntur
442 817 521 865 opes:
542 803 587 852 tibi
601 804 706 867 parvola
719 820 758 854 res
772 814 821 854 est.

107 898 137 939 3⁰
152 899 208 939 arta
221 891 294 939 decet
306 905 398 938 sanum
410 892 531 940 comitem
542 898 619 954 toga:
641 892 729 942 desine
741 907 844 943 mecum

151 979 271 1028 certare.’
293 977 447 1041 Eutrapelus
460 980 613 1043 cmoumqne
624 995 720 1030 nocere
732 982 846 1041 volebat,

150 1068 302 1116 vestimenta
313 1066 392 1116 dabat
403 1068 530 1131 pretiosas
550 1068 649 1118 ‘beatus
662 1070 731 1118 enim
743 1071 795 1119 iam

151 1169 209 1203 cum
222 1155 335 1218 pulehrls
347 1156 440 1205 tunicis
453 1164 537 1206 sumet
548 1172 617 1206 nova
628 1158 736 1207 consilia
749 1166 775 1207 et
786 1173 857 1222 spes,

151 1243 260 1293 dormiet
271 1244 299 1292 in
311 1243 403 1304 lucem,
418 1252 505 1294 scorto
518 1253 659 1308 postponet
670 1247 806 1295 honestum

105 1340 135 1381 35
150 1332 273 1391 officinm,
289 1345 407 1381 nummos
419 1333 519 1381 alienos
532 1342 628 1396 pascat,
644 1334 769 1383 adimam

150 1420 255 1470 Thraex
266 1420 314 1469 erit
326 1428 370 1469 aut
380 1421 483 1469 olitoris
495 1429 555 1484 aget
566 1422 685 1475 mercede
697 1423 848 1472 caballum?

150 1522 273 1557 arcanum
284 1522 370 1571 neque
382 1516 409 1557 tu
421 1511 575 1559 scrutaberis
591 1511 661 1559 illius
672 1525 802 1574 umquam,

150 1597 364 1659 commissumque
375 1604 446 1661 teges
460 1605 487 1646 et
497 1599 558 1647 vino
569 1607 652 1648 tortus
665 1608 690 1648 et
701 1600 748 1648 ira.

150 1699 199 1733 nec
210 1692 255 1734 tua
266 1684 383 1735 laudabis
395 1687 481 1735 studia
493 1695 537 1736 aut
549 1688 636 1736 aliena
647 1689 795 1751 reprendes,

103 1781 136 1822 ta
149 1786 207 1825 nac.
223 1787 282 1821 cum
293 1774 382 1823 venari
393 1775 462 1824 volat
472 1775 527 1835 ille,
542 1784 663 1838 poemata
674 1791 783 1840 panges.

149 1861 231 1923 gratia
242 1861 279 1909 sic
290 1862 397 1911 fratrum
409 1864 579 1924 geminorum,
592 1865 748 1928 Amphionis
761 1874 841 1929 atqua

149 1950 230 2009 Zethi,
246 1948 361 2009 dissiluit,
376 1950 459 2000 donec
472 1960 592 2015 suspecta
604 1967 692 2002 severo

149 2038 271 2086 conticuit
283 2038 347 2099 lyra.
373 2038 492 2088 fraternis
505 2041 613 2090 cessisse
625 2049 728 2105 putatur

149 2126 262 2174 moribus
273 2125 421 2190 Amphion:
442 2135 470 2176 tu
483 2130 546 2176 cede
559 2131 674 2192 potentis
686 2130 762 2178 amici

102 2222 134 2262 ta
149 2214 250 2263 lenibus
262 2214 383 2277 imperiis,
399 2217 571 2279 quotiensque
583 2218 674 2267 educat
684 2218 711 2267 in
725 2232 803 2281 agros

147 2302 248 2351 Aeoliis
261 2311 368 2352 onerata
379 2305 463 2367 plagis
474 2305 589 2354 iumenta
601 2320 741 2370 canesque,

149 2404 224 2452 surge
237 2399 263 2440 ot
274 2391 430 2441 inhumanae
442 2394 542 2442 senium
555 2394 656 2457 depone
669 2408 801 2455 cumeum,

147 2491 223 2526 cenes
236 2484 264 2526 ut
276 2479 371 2541 pariter
383 2482 515 2543 pulmenta
527 2482 659 2531 laboribus
671 2490 771 2548 empta3

147 2562 270 2612 Romanis
283 2566 409 2616 sollemne
421 2569 480 2617 viris
494 2584 569 2632 opus,
583 2571 646 2620 utile
658 2572 742 2621 samaa

102 2657 133 2697 to
147 2649 265 2713 vitaeque
278 2660 303 2701 at
314 2656 444 2716 membris,
459 2659 608 2719 praesertim
620 2673 677 2708 cum
689 2661 775 2710 valeas
789 2671 816 2711 et
