1917 3117
409 191 548 230 postules.

118 349 223 412 publica
234 348 338 411 privetis
351 361 495 408 secernere,
511 362 585 396 sacra
596 347 722 410 profanis,

118 437 256 486 concubitu
268 437 404 499 prohibere
417 450 493 498 vago,
510 437 570 484 dare
582 436 638 483 iura
651 436 757 496 maritis,

118 527 214 589 oppida
226 526 319 585 moliri,
335 526 404 588 leges
417 525 530 573 incidere
543 525 625 587 ligno.

52 622 103 663 400
118 614 154 661 sic
167 614 252 661 honor
264 620 289 661 et
300 627 396 661 nomen
410 612 501 660 divinis
513 612 612 660 vatibus
625 619 702 675 atque

119 701 274 750 carminibus
287 701 366 748 veuit.
394 708 455 763 post
465 701 515 748 hos
527 699 636 763 insignis
650 701 778 749 Homerus

117 790 294 852 Tyrtaeusque
306 790 383 837 maris
396 789 496 837 animos
508 790 536 836 in
548 790 643 838 Martia
656 790 725 838 bella

119 879 232 927 versibus
246 878 361 927 exacuit:
382 878 464 927 dictae
477 893 523 941 per
535 879 650 927 carmina
661 886 752 938 sortes,

119 975 145 1014 et
156 967 222 1014 vitae
236 973 379 1014 monstrata
391 967 431 1013 via
444 973 490 1025 est,
507 973 532 1015 et
544 966 626 1029 gratia
638 981 727 1029 regum

52 1063 105 1104 400
119 1054 208 1103 Pieriis
222 1060 345 1116 temptata
357 1054 449 1113 modis,
465 1054 593 1117 ludusque
605 1060 729 1117 repertus,

120 1151 144 1192 et
156 1144 294 1204 longorum
307 1156 414 1204 operum
427 1142 499 1202 fluis3
521 1143 633 1191 neforto
646 1142 737 1204 pudori

119 1232 152 1280 sit
164 1232 209 1280 tibi
221 1245 295 1279 muso
306 1231 362 1293 lyra
374 1231 465 1279 sollers
478 1239 504 1279 et
516 1239 606 1279 cantor
617 1231 725 1294 Apollo.

119 1327 211 1368 natura
224 1320 296 1369 fieret
307 1319 436 1368 laudabile
450 1333 553 1367 carmen
565 1334 599 1366 an
613 1327 675 1379 arte,

119 1409 263 1471 quaesitum
277 1416 324 1457 est.
352 1423 401 1470 ego
414 1422 463 1457 nec
475 1409 588 1456 studium
600 1409 655 1456 sine
668 1408 744 1456 divite
757 1422 829 1465 vena,

53 1505 104 1546 410
119 1513 167 1546 nec
180 1498 243 1546 rude
256 1497 317 1560 quid
330 1497 412 1560 possit
423 1497 498 1546 video
511 1497 658 1560 ingenium:
674 1495 778 1545 alterius
790 1495 827 1543 sic

120 1586 200 1635 altera
212 1586 296 1648 poscit
309 1601 384 1648 opem
397 1601 437 1634 res
451 1593 476 1634 et
492 1586 609 1635 coniurat
621 1587 711 1634 amice.

120 1672 163 1734 qui
176 1673 259 1721 studet
272 1680 385 1736 optatam
397 1688 471 1721 cursu
484 1675 633 1736 contingere
645 1681 748 1732 metam,

119 1759 201 1806 muita
213 1758 271 1806 tulit
283 1759 394 1822 fecitque
407 1775 478 1822 puer,
495 1761 595 1807 sudavit
608 1769 633 1809 et
644 1761 712 1820 alsit,

120 1846 243 1895 abstinuit
255 1847 357 1896 Venere
371 1855 397 1895 et
408 1848 483 1908 vino;
503 1850 547 1910 qui
559 1849 652 1909 Pythie
664 1856 752 1897 cantat

54 1945 105 1985 410
120 1937 223 1994 tibicen,
240 1935 327 1985 didicit
339 1936 408 1999 prius
422 1936 588 1999 extimuitque
601 1937 759 1999 magistrum.

120 2039 168 2074 uec
182 2024 243 2073 satis
256 2031 294 2073 est
307 2024 402 2073 dixisse
413 2025 472 2087 ‘ego
485 2025 549 2073 mira
567 2035 688 2088 poemata
699 2039 802 2087 pango:

119 2119 229 2175 occupet
242 2119 383 2160 extremum
395 2112 509 2161 scabies:
530 2111 592 2160 mihi
608 2119 682 2175 turpe
694 2113 813 2176 relinqui,

121 2208 146 2249 et
160 2201 229 2265 quod
242 2216 296 2249 non
310 2201 387 2249 didici
399 2216 462 2249 sane
474 2201 573 2250 nescire
586 2200 682 2249 fateri.²

120 2297 149 2338 ut
160 2305 263 2353 praeco,
280 2290 313 2338 od
325 2291 416 2339 mercis
429 2292 531 2340 turbam
542 2290 586 2352 qui
600 2291 669 2353 cogit
682 2291 812 2348 emendas,

56 2386 106 2427 420
121 2379 298 2427 adsentatores
310 2379 381 2428 iubet
392 2378 425 2426 ad
438 2380 538 2427 lucrum
548 2379 586 2427 ire
599 2387 676 2443 poeta

122 2468 190 2516 dives
203 2468 279 2530 agris,
296 2467 364 2516 dives
378 2468 467 2531 positis
480 2468 508 2515 in
521 2468 611 2526 fenore
623 2467 743 2517 nummis.

122 2557 145 2604 si
157 2570 216 2604 vero
230 2565 277 2617 est,
291 2565 396 2605 unctum
410 2559 454 2620 qui
466 2564 536 2606 recte
548 2571 646 2620 ponere
658 2557 749 2620 possit,

122 2652 148 2692 et
160 2645 286 2707 spondere
299 2646 349 2694 levi
361 2660 408 2709 pro
421 2660 543 2710 paupere,
558 2655 584 2696 et
600 2647 697 2711 eripere
710 2646 769 2694 artis
