1917 3117
399 251 488 290 LIBER
500 252 544 291 111.

47 420 79 460 45
100 413 143 473 qui
157 418 252 459 terram
264 409 379 469 inertem,
395 412 439 474 qui
451 424 522 458 mare
534 418 659 474 temperat

98 507 240 559 ventosum,
257 506 282 548 et
293 500 396 548 umbras
410 513 542 562 regnaque
554 500 635 549 tristia

98 589 221 651 divosque
233 589 399 651 mortalisque
412 590 500 637 turbas

97 678 204 740 imperio
217 678 284 740 regit
295 692 361 725 unus
374 691 466 740 aequo.

95 835 220 882 magnum
231 820 277 868 ills
288 828 412 869 terrorem
425 820 548 869 intulerat
559 820 614 868 Iovi

45 918 74 958 5ο
96 910 179 959 fidens
192 910 308 957 iuventus
320 909 425 957 horrida
441 908 577 968 bracchiis,

94 999 238 1061 fratresque
251 999 384 1047 tendentes
397 1012 480 1061 opaco

95 1088 188 1137 Pelion
201 1087 347 1150 inposuisse
361 1086 487 1150 Olympo:

96 1230 142 1279 sed
156 1229 216 1292 quid
229 1230 366 1293 Typhoeus
379 1238 405 1278 et
416 1230 515 1278 validus
528 1230 631 1288 Mimas,

96 1326 141 1368 aut
153 1319 214 1383 quid
226 1319 320 1368 minaei
331 1319 492 1383 Porphyrion
506 1327 582 1378 statu,

44 1417 74 1457 55
97 1408 160 1470 quid
172 1406 285 1456 Rhoetus
298 1408 442 1471 evolsisque
454 1409 549 1456 truncis

95 1496 242 1546 Enceladus
254 1496 380 1545 iaculator
392 1497 478 1545 audax

96 1648 188 1688 contm
201 1646 337 1687 sonantem
349 1639 463 1688 Palladis
476 1640 569 1703 aegida

96 1737 204 1793 possent
215 1728 334 1777 ruentes?
352 1728 412 1776 hine
426 1729 515 1777 avidus
529 1730 598 1778 stetit

96 1818 238 1877 Volcanus,
254 1817 314 1865 hiue
328 1824 446 1865 matrona
458 1817 524 1865 Iuno
539 1826 563 1867 et

42 1918 74 1958 60
97 1922 238 1970 numquam
249 1908 342 1956 umeris
354 1907 483 1970 positurus
496 1921 592 1966 areum,

97 2051 141 2114 qui
153 2065 211 2099 rore
224 2064 288 2113 puro
302 2048 429 2098 Gaetuliae
442 2050 504 2098 lavit

96 2139 172 2189 erinis
186 2140 292 2199 solutos,
309 2141 352 2202 qui
365 2139 460 2202 Lyciae
473 2147 542 2187 tenet

97 2229 201 2276 dumeta
212 2229 375 2291 natalemque
388 2229 487 2288 silvam,

96 2317 188 2365 Delius
201 2325 226 2366 et
238 2317 361 2366 Patareus
374 2318 481 2381 Apollo.

43 2469 75 2510 55
96 2459 135 2508 vis
149 2459 242 2508 eonsssi
255 2474 346 2523 expers
359 2461 428 2509 mole
441 2460 492 2508 ruit
504 2474 564 2507 sus:

95 2549 147 2597 vim
160 2556 327 2612 temperatam
340 2550 365 2597 di
378 2563 483 2612 quoque
496 2549 641 2612 provehunt

95 2639 123 2687 in
136 2638 233 2698 maius3
253 2640 321 2687 idern
336 2638 414 2686 odero
426 2639 486 2686 viris

96 2742 174 2777 omne
186 2728 260 2777 nefas
273 2728 358 2777 animo
373 2729 507 2776 moventis.
