1917 3117
392 257 483 295 LIBER
494 257 540 294 111.

92 429 176 477 nuper
189 414 215 462 in
228 415 307 477 pratis
320 414 435 463 studiosa
448 414 540 462 florum
553 423 578 463 et

39 513 69 553 3ο
94 504 194 552 debitae
207 503 325 566 nymphis
339 503 429 567 opifex
441 518 554 551 coronae

92 600 168 641 nocte
181 591 303 641 sublustri
316 591 379 641 nihil
393 601 463 641 astru
476 601 577 655 praeter

92 681 154 730 vidit
168 689 192 730 et
204 681 296 729 undas.

92 837 159 887 quse
172 824 247 872 simul
260 832 363 872 eentum
375 824 458 886 tetigit
471 832 602 887 potentem

93 912 194 976 oppidis
209 911 311 973 Creten,
326 913 408 976 ‘pater
421 927 436 961 o
449 913 567 962 relietum

39 1012 70 1052 35
92 1001 161 1050 filiae
174 1016 269 1051 nomen
283 1002 424 1065 pietasque’
437 1002 501 1050 dixit

91 1092 170 1140 ‘vieta
183 1091 283 1141 furore!

93 1236 163 1283 unde
177 1250 228 1297 quo
241 1233 317 1283 veni?
336 1234 398 1282 levis
412 1248 464 1281 unu
475 1249 545 1282 mors
558 1243 596 1283 est

93 1324 222 1386 virginum
234 1324 335 1387 eulpae.
362 1322 507 1386 vigilansne
519 1324 595 1386 ploro

93 1422 167 1476 turpe
181 1414 345 1471 conmissum,
362 1427 395 1459 an
408 1412 473 1460 vitiis
487 1419 615 1461 carentem

39 1491 71 1553 io
94 1503 257 1565 ratumago

94 1660 168 1706 vanu,
186 1659 251 1709 quae
264 1652 338 1707 ports.
352 1643 453 1707 fugiens
468 1644 567 1693 eburna

95 1735 222 1783 somnium
235 1732 320 1781 ducit?
339 1733 464 1782 meliusne
478 1734 570 1782 fluctus

93 1825 131 1873 ire
144 1838 192 1887 per
203 1823 297 1885 longos
310 1821 366 1881 fuit,
383 1837 415 1870 an
429 1822 538 1871 recentis

95 1927 201 1976 carpere
213 1910 306 1960 flores?

41 2065 73 2105 tt
95 2056 176 2119 siquis
188 2054 311 2103 infamem
323 2053 384 2102 mihi
398 2068 466 2101 nunc
481 2053 615 2102 iuvencum

95 2145 173 2194 dedat
185 2144 273 2197 iratae,
288 2143 402 2191 lacerare
415 2143 484 2192 ferro
498 2151 522 2190 et

95 2233 214 2295 frangere
227 2232 309 2281 enitar
320 2233 398 2280 modo
411 2232 519 2280 multum
531 2231 607 2279 amati

95 2336 194 2370 cornus
205 2322 322 2370 monstri.

94 2465 223 2528 inpudens
237 2464 299 2527 liqui
313 2463 410 2527 patrios
424 2469 540 2526 penates,

41 2564 72 2605 50
94 2553 222 2617 inpudens
236 2549 332 2601 Oreum
344 2566 439 2600 moror.
468 2565 484 2598 o
498 2551 603 2599 deorum

95 2642 176 2706 siquis
190 2643 253 2690 haee
266 2640 348 2700 audis,
364 2641 461 2689 utinam
473 2640 540 2689 inter
553 2653 638 2688 errem

94 2733 166 2781 nuda
178 2732 277 2779 leones,
