<?xml version="1.0" encoding="UTF-8"?>
<!DOCTYPE html PUBLIC "-//W3C//DTD XHTML 1.0 Transitional//EN"
    "http://www.w3.org/TR/xhtml1/DTD/xhtml1-transitional.dtd">
<html xmlns="http://www.w3.org/1999/xhtml" xml:lang="en" lang="en">
 <head>
  <title>
</title>
<meta http-equiv="Content-Type" content="text/html;charset=utf-8" />
  <meta name='ocr-system' content='tesseract 3.04.00' />
  <meta name='ocr-capabilities' content='ocr_page ocr_carea ocr_par ocr_line ocrx_word'/>
</head>
<body>
  <div class='ocr_page' id='page_1' title='image "./opera00haupgoog_0216.png"; bbox 0 0 1917 3117; ppageno 0'>
   <div class='ocr_carea' id='block_1_1' title="bbox 139 188 589 238">
    <p class='ocr_par' dir='ltr' id='par_1_1' title="bbox 139 188 589 238">
     <span class='ocr_line' id='line_1_1' title="bbox 139 188 589 238; baseline 0.009 -11"><span class='ocrx_word' id='word_1_1' title='bbox 139 188 191 238; x_wconf 74' lang='lat'><strong>192</strong></span> <span class='ocrx_word' id='word_1_2' title='bbox 414 193 589 233; x_wconf 68' lang='lat' dir='ltr'><strong>sannanim</strong></span> 
     </span>
    </p>
   </div>
   <div class='ocr_carea' id='block_1_2' title="bbox 65 349 878 2722">
    <p class='ocr_par' dir='ltr' id='par_1_2' title="bbox 65 349 878 2722">
     <span class='ocr_line' id='line_1_2' title="bbox 138 349 704 410; baseline 0.002 -13"><span class='ocrx_word' id='word_1_3' title='bbox 138 349 227 398; x_wconf 73' lang='lat' dir='ltr'><strong>desine</strong></span> <span class='ocrx_word' id='word_1_4' title='bbox 238 357 368 399; x_wconf 73' lang='lat' dir='ltr'><strong>matronas</strong></span> <span class='ocrx_word' id='word_1_5' title='bbox 380 351 509 410; x_wconf 76' lang='lat' dir='ltr'><strong>saccariar,</strong></span> <span class='ocrx_word' id='word_1_6' title='bbox 523 352 592 399; x_wconf 85' lang='lat' dir='ltr'><strong>unda</strong></span> <span class='ocrx_word' id='word_1_7' title='bbox 605 350 704 398; x_wconf 82' lang='lat' dir='ltr'><strong>laboris</strong></span> 
     </span>
     <span class='ocr_line' id='line_1_3' title="bbox 138 438 858 503; baseline -0.003 -16"><span class='ocrx_word' id='word_1_8' title='bbox 138 439 196 501; x_wconf 76' lang='lat' dir='ltr'>plus</span> <span class='ocrx_word' id='word_1_9' title='bbox 209 438 311 488; x_wconf 84' lang='lat' dir='ltr'><strong>haurire</strong></span> <span class='ocrx_word' id='word_1_10' title='bbox 322 440 384 488; x_wconf 83' lang='lat' dir='ltr'><strong>mali</strong></span> <span class='ocrx_word' id='word_1_11' title='bbox 397 449 437 489; x_wconf 80' lang='lat' dir='ltr'><strong>ast</strong></span> <span class='ocrx_word' id='word_1_12' title='bbox 449 455 527 502; x_wconf 85' lang='lat' dir='ltr'><strong>quam</strong></span> <span class='ocrx_word' id='word_1_13' title='bbox 538 439 858 503; x_wconf 80' lang='lat' dir='ltr'><strong>exradecarparcfrnctus.</strong></span> 
     </span>
     <span class='ocr_line' id='line_1_4' title="bbox 90 527 815 591; baseline 0.003 -17"><span class='ocrx_word' id='word_1_14' title='bbox 90 535 123 575; x_wconf 73' lang='lat'><strong>80</strong></span> <span class='ocrx_word' id='word_1_15' title='bbox 137 540 185 576; x_wconf 83' lang='lat' dir='ltr'><strong>nac</strong></span> <span class='ocrx_word' id='word_1_16' title='bbox 198 527 280 589; x_wconf 76' lang='lat' dir='ltr'><strong>magia</strong></span> <span class='ocrx_word' id='word_1_17' title='bbox 293 528 361 588; x_wconf 89' lang='lat' dir='ltr'>huic,</span> <span class='ocrx_word' id='word_1_18' title='bbox 376 528 443 577; x_wconf 75' lang='lat' dir='ltr'><strong>incar</strong></span> <span class='ocrx_word' id='word_1_19' title='bbox 454 530 543 577; x_wconf 76' lang='lat' dir='ltr'><strong>niveos</strong></span> <span class='ocrx_word' id='word_1_20' title='bbox 557 529 693 591; x_wconf 85' lang='lat' dir='ltr'><strong>viridisque</strong></span> <span class='ocrx_word' id='word_1_21' title='bbox 711 529 815 591; x_wconf 75' lang='lat' dir='ltr'>lapillos</span> 
     </span>
     <span class='ocr_line' id='line_1_5' title="bbox 137 615 878 677; baseline 0.003 -13"><span class='ocrx_word' id='word_1_22' title='bbox 137 616 170 665; x_wconf 84' lang='lat' dir='ltr'><strong>sit</strong></span> <span class='ocrx_word' id='word_1_23' title='bbox 175 615 244 675; x_wconf 83' lang='lat' dir='ltr'><strong>licat,</strong></span> <span class='ocrx_word' id='word_1_24' title='bbox 252 616 311 677; x_wconf 85' lang='lat' dir='ltr'>hoe,</span> <span class='ocrx_word' id='word_1_25' title='bbox 320 615 452 677; x_wconf 75' lang='lat' dir='ltr'><strong>Cariatha,</strong></span> <span class='ocrx_word' id='word_1_26' title='bbox 458 625 503 666; x_wconf 85' lang='lat' dir='ltr'><strong>tuo</strong></span> <span class='ocrx_word' id='word_1_27' title='bbox 509 625 625 665; x_wconf 79' lang='lat' dir='ltr'><strong>tanarum</strong></span> <span class='ocrx_word' id='word_1_28' title='bbox 631 626 669 666; x_wconf 82' lang='lat' dir='ltr'><strong>est</strong></span> <span class='ocrx_word' id='word_1_29' title='bbox 679 618 762 666; x_wconf 84' lang='lat' dir='ltr'><strong>samur</strong></span> <span class='ocrx_word' id='word_1_30' title='bbox 769 625 813 666; x_wconf 82' lang='lat' dir='ltr'><strong>aut</strong></span> <span class='ocrx_word' id='word_1_31' title='bbox 822 632 878 666; x_wconf 87' lang='lat' dir='ltr'>crus</span> 
     </span>
     <span class='ocr_line' id='line_1_6' title="bbox 136 705 818 769; baseline 0 -16"><span class='ocrx_word' id='word_1_32' title='bbox 136 705 244 765; x_wconf 82' lang='lat' dir='ltr'><strong>rcctiua3</strong></span> <span class='ocrx_word' id='word_1_33' title='bbox 258 713 336 768; x_wconf 81' lang='lat' dir='ltr'><strong>atquc</strong></span> <span class='ocrx_word' id='word_1_34' title='bbox 349 706 427 754; x_wconf 85' lang='lat' dir='ltr'><strong>ctiam</strong></span> <span class='ocrx_word' id='word_1_35' title='bbox 439 707 531 755; x_wconf 79' lang='lat' dir='ltr'><strong>malins</strong></span> <span class='ocrx_word' id='word_1_36' title='bbox 545 721 668 769; x_wconf 76' lang='lat' dir='ltr'>persaepe</span> <span class='ocrx_word' id='word_1_37' title='bbox 681 714 818 768; x_wconf 75' lang='lat' dir='ltr'><strong>wgataest.</strong></span> 
     </span>
     <span class='ocr_line' id='line_1_7' title="bbox 137 783 832 857; baseline 0.004 -16"><span class='ocrx_word' id='word_1_38' title='bbox 137 794 204 843; x_wconf 85' lang='lat' dir='ltr'><strong>adda</strong></span> <span class='ocrx_word' id='word_1_39' title='bbox 216 793 267 843; x_wconf 88' lang='lat' dir='ltr'><strong>huc</strong></span> <span class='ocrx_word' id='word_1_40' title='bbox 280 794 350 857; x_wconf 87' lang='lat' dir='ltr'><strong>quod</strong></span> <span class='ocrx_word' id='word_1_41' title='bbox 363 808 473 844; x_wconf 79' lang='lat' dir='ltr'>mercam</span> <span class='ocrx_word' id='word_1_42' title='bbox 486 794 541 843; x_wconf 80' lang='lat' dir='ltr'><strong>sine</strong></span> <span class='ocrx_word' id='word_1_43' title='bbox 554 794 619 843; x_wconf 78' lang='lat' dir='ltr'><strong>sucis</strong></span> <span class='ocrx_word' id='word_1_44' title='bbox 631 783 729 857; x_wconf 71' lang='lat' dir='ltr'><strong>gastac3</strong></span> <span class='ocrx_word' id='word_1_45' title='bbox 744 805 832 857; x_wconf 78' lang='lat' dir='ltr'><strong>aparte</strong></span> 
     </span>
     <span class='ocr_line' id='line_1_8' title="bbox 65 883 839 946; baseline 0 -14"><span class='ocrx_word' id='word_1_46' title='bbox 65 922 67 926; x_wconf 59' lang='grc'>,</span> <span class='ocrx_word' id='word_1_47' title='bbox 137 883 206 945; x_wconf 82' lang='lat' dir='ltr'><strong>qaod</strong></span> <span class='ocrx_word' id='word_1_48' title='bbox 219 884 310 934; x_wconf 71' lang='lat' dir='ltr'><strong>venale</strong></span> <span class='ocrx_word' id='word_1_49' title='bbox 321 884 400 933; x_wconf 84' lang='lat' dir='ltr'><strong>habal</strong></span> <span class='ocrx_word' id='word_1_50' title='bbox 412 884 539 943; x_wconf 80' lang='lat' dir='ltr'><strong>ostendit3</strong></span> <span class='ocrx_word' id='word_1_51' title='bbox 555 897 603 932; x_wconf 87' lang='lat' dir='ltr'><strong>nac</strong></span> <span class='ocrx_word' id='word_1_52' title='bbox 616 883 700 946; x_wconf 81' lang='lat' dir='ltr'><strong>siquid</strong></span> <span class='ocrx_word' id='word_1_53' title='bbox 713 883 839 933; x_wconf 76' lang='lat' dir='ltr'><strong>honestist</strong></span> 
     </span>
     <span class='ocr_line' id='line_1_9' title="bbox 88 971 828 1035; baseline 0 -16"><span class='ocrx_word' id='word_1_54' title='bbox 88 979 121 1019; x_wconf 75' lang='lat'><strong>85</strong></span> <span class='ocrx_word' id='word_1_55' title='bbox 135 971 214 1020; x_wconf 76' lang='lat' dir='ltr'><strong>iactat</strong></span> <span class='ocrx_word' id='word_1_56' title='bbox 226 972 354 1035; x_wconf 76' lang='lat' dir='ltr'>habetque</span> <span class='ocrx_word' id='word_1_57' title='bbox 368 973 465 1035; x_wconf 78' lang='lat' dir='ltr'><strong>palam,</strong></span> <span class='ocrx_word' id='word_1_58' title='bbox 481 972 580 1035; x_wconf 77' lang='lat' dir='ltr'><strong>quaerit</strong></span> <span class='ocrx_word' id='word_1_59' title='bbox 593 986 644 1034; x_wconf 85' lang='lat' dir='ltr'><strong>quo</strong></span> <span class='ocrx_word' id='word_1_60' title='bbox 657 974 742 1034; x_wconf 86' lang='lat' dir='ltr'><strong>turpia</strong></span> <span class='ocrx_word' id='word_1_61' title='bbox 755 974 828 1021; x_wconf 80' lang='lat' dir='ltr'>celat.</span> 
     </span>
     <span class='ocr_line' id='line_1_10' title="bbox 135 1060 860 1124; baseline -0.001 -15"><span class='ocrx_word' id='word_1_62' title='bbox 135 1060 238 1123; x_wconf 80' lang='lat' dir='ltr'><strong>regibus</strong></span> <span class='ocrx_word' id='word_1_63' title='bbox 251 1061 293 1110; x_wconf 90' lang='lat' dir='ltr'><strong>hic</strong></span> <span class='ocrx_word' id='word_1_64' title='bbox 304 1076 361 1110; x_wconf 80' lang='lat' dir='ltr'><strong>mos</strong></span> <span class='ocrx_word' id='word_1_65' title='bbox 375 1069 422 1121; x_wconf 84' lang='lat' dir='ltr'>est,</span> <span class='ocrx_word' id='word_1_66' title='bbox 438 1061 482 1112; x_wconf 89' lang='lat' dir='ltr'><strong>ubi</strong></span> <span class='ocrx_word' id='word_1_67' title='bbox 494 1069 741 1124; x_wconf 79' lang='lat' dir='ltr'><strong>equosmarcantnr:</strong></span> <span class='ocrx_word' id='word_1_68' title='bbox 752 1065 860 1124; x_wconf 79' lang='lat' dir='ltr'><strong>&#39;opertos</strong></span> 
     </span>
     <span class='ocr_line' id='line_1_11' title="bbox 135 1149 714 1213; baseline 0.002 -17"><span class='ocrx_word' id='word_1_69' title='bbox 135 1149 285 1212; x_wconf 79' lang='lat' dir='ltr'><strong>inspiciunt,</strong></span> <span class='ocrx_word' id='word_1_70' title='bbox 298 1164 332 1199; x_wconf 83' lang='lat' dir='ltr'><strong>ne</strong></span> <span class='ocrx_word' id='word_1_71' title='bbox 342 1150 364 1198; x_wconf 83' lang='lat' dir='ltr'><strong>si</strong></span> <span class='ocrx_word' id='word_1_72' title='bbox 376 1149 465 1209; x_wconf 77' lang='lat' dir='ltr'><strong>facias,</strong></span> <span class='ocrx_word' id='word_1_73' title='bbox 479 1159 508 1198; x_wconf 80' lang='lat' dir='ltr'><strong>ut</strong></span> <span class='ocrx_word' id='word_1_74' title='bbox 521 1165 607 1213; x_wconf 78' lang='lat' dir='ltr'><strong>saepo,</strong></span> <span class='ocrx_word' id='word_1_75' title='bbox 620 1151 714 1200; x_wconf 83' lang='lat' dir='ltr'><strong>dacora</strong></span> 
     </span>
     <span class='ocr_line' id='line_1_12' title="bbox 136 1237 835 1302; baseline 0.003 -17"><span class='ocrx_word' id='word_1_76' title='bbox 136 1237 209 1286; x_wconf 85' lang='lat' dir='ltr'>molli</span> <span class='ocrx_word' id='word_1_77' title='bbox 222 1238 288 1288; x_wconf 75' lang='lat' dir='ltr'>fulla</span> <span class='ocrx_word' id='word_1_78' title='bbox 300 1239 364 1302; x_wconf 79' lang='lat' dir='ltr'><strong>pade</strong></span> <span class='ocrx_word' id='word_1_79' title='bbox 378 1247 425 1296; x_wconf 78' lang='lat' dir='ltr'><strong>cat,</strong></span> <span class='ocrx_word' id='word_1_80' title='bbox 441 1247 582 1301; x_wconf 79' lang='lat' dir='ltr'><strong>emptorem</strong></span> <span class='ocrx_word' id='word_1_81' title='bbox 593 1239 699 1288; x_wconf 80' lang='lat' dir='ltr'><strong>inducat</strong></span> <span class='ocrx_word' id='word_1_82' title='bbox 712 1238 835 1299; x_wconf 76' lang='lat' dir='ltr'>hiantem,</span> 
     </span>
     <span class='ocr_line' id='line_1_13' title="bbox 135 1327 875 1391; baseline 0.004 -18"><span class='ocrx_word' id='word_1_83' title='bbox 135 1327 203 1388; x_wconf 89' lang='lat' dir='ltr'><strong>quod</strong></span> <span class='ocrx_word' id='word_1_84' title='bbox 210 1328 435 1389; x_wconf 81' lang='lat' dir='ltr'><strong>pulchraeclunca‚</strong></span> <span class='ocrx_word' id='word_1_85' title='bbox 443 1328 684 1391; x_wconf 80' lang='lat' dir='ltr'><strong>brachuodcaput,</strong></span> <span class='ocrx_word' id='word_1_86' title='bbox 692 1328 773 1378; x_wconf 83' lang='lat' dir='ltr'><strong>ardua</strong></span> <span class='ocrx_word' id='word_1_87' title='bbox 781 1327 875 1378; x_wconf 78' lang='lat' dir='ltr'><strong>cenix.</strong></span> 
     </span>
     <span class='ocr_line' id='line_1_14' title="bbox 87 1415 725 1480; baseline 0.005 -18"><span class='ocrx_word' id='word_1_88' title='bbox 87 1423 120 1463; x_wconf 75' lang='lat'><strong>90</strong></span> <span class='ocrx_word' id='word_1_89' title='bbox 135 1415 185 1463; x_wconf 87' lang='lat' dir='ltr'><strong>hoc</strong></span> <span class='ocrx_word' id='word_1_90' title='bbox 196 1416 234 1463; x_wconf 93' lang='lat' dir='ltr'><strong>illi</strong></span> <span class='ocrx_word' id='word_1_91' title='bbox 247 1425 328 1466; x_wconf 81' lang='lat' dir='ltr'>recta:</span> <span class='ocrx_word' id='word_1_92' title='bbox 344 1431 376 1466; x_wconf 81' lang='lat' dir='ltr'><strong>na</strong></span> <span class='ocrx_word' id='word_1_93' title='bbox 390 1417 506 1480; x_wconf 80' lang='lat' dir='ltr'><strong>carparis</strong></span> <span class='ocrx_word' id='word_1_94' title='bbox 519 1418 616 1479; x_wconf 84' lang='lat' dir='ltr'><strong>optima</strong></span> <span class='ocrx_word' id='word_1_95' title='bbox 628 1417 725 1479; x_wconf 79' lang='lat' dir='ltr'><strong>Lyncei</strong></span> 
     </span>
     <span class='ocr_line' id='line_1_15' title="bbox 135 1505 718 1569; baseline 0.002 -17"><span class='ocrx_word' id='word_1_96' title='bbox 135 1506 308 1568; x_wconf 79' lang='lat' dir='ltr'>contemplere</span> <span class='ocrx_word' id='word_1_97' title='bbox 321 1506 411 1566; x_wconf 79' lang='lat' dir='ltr'><strong>oculis,</strong></span> <span class='ocrx_word' id='word_1_98' title='bbox 427 1505 549 1569; x_wconf 80' lang='lat' dir='ltr'><strong>Hypsaea</strong></span> <span class='ocrx_word' id='word_1_99' title='bbox 561 1505 661 1555; x_wconf 77' lang='lat' dir='ltr'>caecior</span> <span class='ocrx_word' id='word_1_100' title='bbox 672 1505 718 1554; x_wconf 89' lang='lat' dir='ltr'><strong>illa</strong></span> 
     </span>
     <span class='ocr_line' id='line_1_16' title="bbox 135 1595 862 1658; baseline 0.007 -17"><span class='ocrx_word' id='word_1_101' title='bbox 135 1608 201 1655; x_wconf 86' lang='lat' dir='ltr'><strong>quaa</strong></span> <span class='ocrx_word' id='word_1_102' title='bbox 207 1596 276 1642; x_wconf 83' lang='lat' dir='ltr'><strong>mala</strong></span> <span class='ocrx_word' id='word_1_103' title='bbox 282 1602 341 1643; x_wconf 86' lang='lat' dir='ltr'><strong>sunt</strong></span> <span class='ocrx_word' id='word_1_104' title='bbox 347 1603 457 1658; x_wconf 76' lang='lat' dir='ltr'><strong>epactas.</strong></span> <span class='ocrx_word' id='word_1_105' title='bbox 479 1595 505 1643; x_wconf 67' lang='grc' dir='ltr'>ὀ</span> <span class='ocrx_word' id='word_1_106' title='bbox 518 1595 761 1653; x_wconf 57' lang='lat' dir='ltr'><strong>crns&lt;,0b1·acchial¹</strong></span> <span class='ocrx_word' id='word_1_107' title='bbox 773 1610 862 1645; x_wconf 82' lang='lat' dir='ltr'><strong>varum</strong></span> 
     </span>
     <span class='ocr_line' id='line_1_17' title="bbox 134 1682 791 1754; baseline 0.005 -25"><span class='ocrx_word' id='word_1_108' title='bbox 134 1682 250 1745; x_wconf 77' lang='lat' dir='ltr'><strong>dapngis,</strong></span> <span class='ocrx_word' id='word_1_109' title='bbox 266 1692 374 1754; x_wconf 71' lang='lat' dir='ltr'><strong>nasuta,⁴</strong></span> <span class='ocrx_word' id='word_1_110' title='bbox 383 1684 451 1733; x_wconf 84' lang='lat' dir='ltr'><strong>brevi</strong></span> <span class='ocrx_word' id='word_1_111' title='bbox 463 1684 543 1732; x_wconf 79' lang='lat' dir='ltr'><strong>latcra</strong></span> <span class='ocrx_word' id='word_1_112' title='bbox 555 1697 586 1732; x_wconf 88' lang='lat' dir='ltr'><strong>ac</strong></span> <span class='ocrx_word' id='word_1_113' title='bbox 598 1683 663 1746; x_wconf 83' lang='lat' dir='ltr'><strong>pade</strong></span> <span class='ocrx_word' id='word_1_114' title='bbox 676 1684 791 1746; x_wconf 81' lang='lat' dir='ltr'><strong>longost.</strong></span> 
     </span>
     <span class='ocr_line' id='line_1_18' title="bbox 133 1772 761 1835; baseline 0.006 -18"><span class='ocrx_word' id='word_1_115' title='bbox 133 1778 266 1820; x_wconf 76' lang='lat' dir='ltr'><strong>matronae</strong></span> <span class='ocrx_word' id='word_1_116' title='bbox 279 1780 381 1835; x_wconf 71' lang='lat' dir='ltr'><strong>praeter</strong></span> <span class='ocrx_word' id='word_1_117' title='bbox 395 1772 489 1822; x_wconf 79' lang='lat' dir='ltr'><strong>faciem</strong></span> <span class='ocrx_word' id='word_1_118' title='bbox 501 1772 537 1820; x_wconf 91' lang='lat' dir='ltr'><strong>nil</strong></span> <span class='ocrx_word' id='word_1_119' title='bbox 550 1786 654 1821; x_wconf 82' lang='lat' dir='ltr'><strong>caruere</strong></span> <span class='ocrx_word' id='word_1_120' title='bbox 667 1772 761 1835; x_wconf 82' lang='lat' dir='ltr'><strong>possis,</strong></span> 
     </span>
     <span class='ocr_line' id='line_1_19' title="bbox 86 1860 761 1924; baseline 0.004 -18"><span class='ocrx_word' id='word_1_121' title='bbox 86 1867 119 1906; x_wconf 77' lang='grc'><strong>95</strong></span> <span class='ocrx_word' id='word_1_122' title='bbox 134 1866 227 1919; x_wconf 84' lang='lat' dir='ltr'><strong>cetera,</strong></span> <span class='ocrx_word' id='word_1_123' title='bbox 242 1861 269 1910; x_wconf 92' lang='lat' dir='ltr'><strong>ni</strong></span> <span class='ocrx_word' id='word_1_124' title='bbox 283 1860 358 1910; x_wconf 88' lang='lat' dir='ltr'><strong>Catia</strong></span> <span class='ocrx_word' id='word_1_125' title='bbox 369 1870 417 1920; x_wconf 81' lang='lat' dir='ltr'><strong>cst,</strong></span> <span class='ocrx_word' id='word_1_126' title='bbox 437 1862 549 1912; x_wconf 77' lang='lat' dir='ltr'><strong>demissa</strong></span> <span class='ocrx_word' id='word_1_127' title='bbox 560 1870 629 1910; x_wconf 82' lang='lat' dir='ltr'><strong>vesta</strong></span> <span class='ocrx_word' id='word_1_128' title='bbox 641 1861 761 1924; x_wconf 82' lang='lat' dir='ltr'><strong>tegentis.</strong></span> 
     </span>
     <span class='ocr_line' id='line_1_20' title="bbox 132 1948 769 2013; baseline 0.005 -17"><span class='ocrx_word' id='word_1_129' title='bbox 132 1948 154 1996; x_wconf 84' lang='lat' dir='ltr'><strong>ai</strong></span> <span class='ocrx_word' id='word_1_130' title='bbox 166 1948 300 1999; x_wconf 68' lang='lat' dir='ltr'><strong>interdicta</strong></span> <span class='ocrx_word' id='word_1_131' title='bbox 313 1957 393 2012; x_wconf 80' lang='lat' dir='ltr'><strong>palas,</strong></span> <span class='ocrx_word' id='word_1_132' title='bbox 409 1950 477 1998; x_wconf 88' lang='lat' dir='ltr'>vallo</span> <span class='ocrx_word' id='word_1_133' title='bbox 491 1949 647 1998; x_wconf 79' lang='lat' dir='ltr'><strong>circumdata</strong></span> <span class='ocrx_word' id='word_1_134' title='bbox 658 1950 732 2013; x_wconf 83' lang='lat' dir='ltr'><strong>(nam</strong></span> <span class='ocrx_word' id='word_1_135' title='bbox 744 1959 769 1999; x_wconf 81' lang='lat' dir='ltr'><strong>te</strong></span> 
     </span>
     <span class='ocr_line' id='line_1_21' title="bbox 132 2037 825 2099; baseline 0.004 -14"><span class='ocrx_word' id='word_1_136' title='bbox 132 2037 181 2085; x_wconf 87' lang='lat' dir='ltr'><strong>hoc</strong></span> <span class='ocrx_word' id='word_1_137' title='bbox 194 2037 256 2086; x_wconf 81' lang='lat' dir='ltr'><strong>facit</strong></span> <span class='ocrx_word' id='word_1_138' title='bbox 268 2038 400 2099; x_wconf 83' lang='lat' dir='ltr'><strong>insanum)</strong></span> <span class='ocrx_word' id='word_1_139' title='bbox 413 2040 509 2087; x_wconf 79' lang='lat' dir='ltr'>multae</span> <span class='ocrx_word' id='word_1_140' title='bbox 522 2039 567 2088; x_wconf 80' lang='lat' dir='ltr'><strong>cibi</strong></span> <span class='ocrx_word' id='word_1_141' title='bbox 579 2047 634 2088; x_wconf 86' lang='lat' dir='ltr'><strong>tum</strong></span> <span class='ocrx_word' id='word_1_142' title='bbox 646 2039 761 2090; x_wconf 81' lang='lat' dir='ltr'><strong>officient</strong></span> <span class='ocrx_word' id='word_1_143' title='bbox 774 2055 825 2089; x_wconf 82' lang='lat' dir='ltr'><strong>ras.</strong></span> 
     </span>
     <span class='ocr_line' id='line_1_22' title="bbox 132 2127 688 2190; baseline 0.007 -18"><span class='ocrx_word' id='word_1_144' title='bbox 132 2127 260 2185; x_wconf 80' lang='lat' dir='ltr'>custodes,</span> <span class='ocrx_word' id='word_1_145' title='bbox 275 2127 377 2188; x_wconf 79' lang='lat' dir='ltr'><strong>laclica,</strong></span> <span class='ocrx_word' id='word_1_146' title='bbox 392 2127 536 2186; x_wconf 85' lang='lat' dir='ltr'><strong>ciniflones,</strong></span> <span class='ocrx_word' id='word_1_147' title='bbox 552 2128 688 2190; x_wconf 78' lang='lat' dir='ltr'><strong>parasitae,</strong></span> 
     </span>
     <span class='ocr_line' id='line_1_23' title="bbox 134 2214 752 2280; baseline 0.003 -18"><span class='ocrx_word' id='word_1_148' title='bbox 134 2214 166 2262; x_wconf 89' lang='lat' dir='ltr'><strong>ad</strong></span> <span class='ocrx_word' id='word_1_149' title='bbox 179 2216 246 2264; x_wconf 80' lang='lat' dir='ltr'>talos</span> <span class='ocrx_word' id='word_1_150' title='bbox 258 2216 328 2265; x_wconf 76' lang='lat' dir='ltr'><strong>atala</strong></span> <span class='ocrx_word' id='word_1_151' title='bbox 340 2216 452 2265; x_wconf 78' lang='lat' dir='ltr'><strong>demissa</strong></span> <span class='ocrx_word' id='word_1_152' title='bbox 464 2226 490 2265; x_wconf 79' lang='lat' dir='ltr'><strong>ct</strong></span> <span class='ocrx_word' id='word_1_153' title='bbox 502 2217 660 2265; x_wconf 81' lang='lat' dir='ltr'><strong>circumdala</strong></span> <span class='ocrx_word' id='word_1_154' title='bbox 672 2217 752 2280; x_wconf 81' lang='lat' dir='ltr'><strong>palla,</strong></span> 
     </span>
     <span class='ocr_line' id='line_1_24' title="bbox 70 2303 820 2368; baseline 0.007 -18"><span class='ocrx_word' id='word_1_155' title='bbox 70 2311 116 2351; x_wconf 86' lang='lat'><strong>100</strong></span> <span class='ocrx_word' id='word_1_156' title='bbox 132 2303 249 2365; x_wconf 85' lang='lat' dir='ltr'><strong>plurima,</strong></span> <span class='ocrx_word' id='word_1_157' title='bbox 266 2319 332 2367; x_wconf 82' lang='lat' dir='ltr'><strong>quaa</strong></span> <span class='ocrx_word' id='word_1_158' title='bbox 343 2305 474 2354; x_wconf 83' lang='lat' dir='ltr'><strong>invideant</strong></span> <span class='ocrx_word' id='word_1_159' title='bbox 486 2321 548 2368; x_wconf 84' lang='lat' dir='ltr'><strong>pura</strong></span> <span class='ocrx_word' id='word_1_160' title='bbox 561 2305 686 2368; x_wconf 74' lang='lat' dir='ltr'><strong>adparere</strong></span> <span class='ocrx_word' id='word_1_161' title='bbox 698 2305 744 2353; x_wconf 86' lang='lat' dir='ltr'><strong>tibi</strong></span> <span class='ocrx_word' id='word_1_162' title='bbox 755 2320 820 2355; x_wconf 85' lang='lat' dir='ltr'><strong>ram.</strong></span> 
     </span>
     <span class='ocr_line' id='line_1_25' title="bbox 132 2393 744 2456; baseline 0.007 -17"><span class='ocrx_word' id='word_1_163' title='bbox 132 2393 221 2451; x_wconf 78' lang='lat' dir='ltr'><strong>altera,</strong></span> <span class='ocrx_word' id='word_1_164' title='bbox 237 2394 274 2443; x_wconf 88' lang='lat' dir='ltr'><strong>nil</strong></span> <span class='ocrx_word' id='word_1_165' title='bbox 288 2395 387 2454; x_wconf 59' lang='lat' dir='ltr'><strong>obstan</strong></span> <span class='ocrx_word' id='word_1_166' title='bbox 402 2393 463 2443; x_wconf 87' lang='lat' dir='ltr'><strong>Cois</strong></span> <span class='ocrx_word' id='word_1_167' title='bbox 477 2394 524 2444; x_wconf 83' lang='lat' dir='ltr'><strong>tibi</strong></span> <span class='ocrx_word' id='word_1_168' title='bbox 538 2408 621 2456; x_wconf 83' lang='lat' dir='ltr'><strong>paena</strong></span> <span class='ocrx_word' id='word_1_169' title='bbox 634 2395 744 2443; x_wconf 83' lang='lat' dir='ltr'><strong>viderest</strong></span> 
     </span>
     <span class='ocr_line' id='line_1_26' title="bbox 130 2482 771 2546; baseline 0.009 -19"><span class='ocrx_word' id='word_1_170' title='bbox 130 2488 159 2528; x_wconf 83' lang='lat' dir='ltr'><strong>ut</strong></span> <span class='ocrx_word' id='word_1_171' title='bbox 171 2482 275 2540; x_wconf 85' lang='lat' dir='ltr'><strong>nudam,</strong></span> <span class='ocrx_word' id='word_1_172' title='bbox 291 2497 323 2532; x_wconf 86' lang='lat' dir='ltr'><strong>ne</strong></span> <span class='ocrx_word' id='word_1_173' title='bbox 337 2497 409 2533; x_wconf 80' lang='lat' dir='ltr'><strong>crura</strong></span> <span class='ocrx_word' id='word_1_174' title='bbox 422 2484 501 2542; x_wconf 84' lang='lat' dir='ltr'>malo,</span> <span class='ocrx_word' id='word_1_175' title='bbox 517 2498 550 2531; x_wconf 84' lang='lat' dir='ltr'><strong>nc</strong></span> <span class='ocrx_word' id='word_1_176' title='bbox 563 2483 596 2532; x_wconf 87' lang='lat' dir='ltr'><strong>sit</strong></span> <span class='ocrx_word' id='word_1_177' title='bbox 608 2483 675 2545; x_wconf 83' lang='lat' dir='ltr'><strong>peda</strong></span> <span class='ocrx_word' id='word_1_178' title='bbox 687 2485 771 2546; x_wconf 81' lang='lat' dir='ltr'><strong>turpi3</strong></span> 
     </span>
     <span class='ocr_line' id='line_1_27' title="bbox 131 2570 706 2633; baseline 0.01 -17"><span class='ocrx_word' id='word_1_179' title='bbox 131 2570 214 2617; x_wconf 85' lang='lat' dir='ltr'><strong>mctiri</strong></span> <span class='ocrx_word' id='word_1_180' title='bbox 228 2571 312 2633; x_wconf 71' lang='lat' dir='ltr'><strong>possin</strong></span> <span class='ocrx_word' id='word_1_181' title='bbox 326 2573 400 2620; x_wconf 88' lang='lat' dir='ltr'>oculo</span> <span class='ocrx_word' id='word_1_182' title='bbox 414 2572 489 2620; x_wconf 83' lang='lat' dir='ltr'>latus.</span> <span class='ocrx_word' id='word_1_183' title='bbox 516 2586 550 2620; x_wconf 91' lang='lat' dir='ltr'><strong>an</strong></span> <span class='ocrx_word' id='word_1_184' title='bbox 563 2571 608 2620; x_wconf 79' lang='lat' dir='ltr'><strong>cibi</strong></span> <span class='ocrx_word' id='word_1_185' title='bbox 626 2572 706 2622; x_wconf 78' lang='lat' dir='ltr'><strong>mavis</strong></span> 
     </span>
     <span class='ocr_line' id='line_1_28' title="bbox 129 2656 662 2722; baseline 0.015 -20"><span class='ocrx_word' id='word_1_186' title='bbox 129 2656 236 2705; x_wconf 78' lang='lat' dir='ltr'><strong>insidias</strong></span> <span class='ocrx_word' id='word_1_187' title='bbox 249 2659 303 2708; x_wconf 81' lang='lat' dir='ltr'><strong>lieri</strong></span> <span class='ocrx_word' id='word_1_188' title='bbox 315 2659 473 2722; x_wconf 78' lang='lat' dir='ltr'><strong>pretiumque</strong></span> <span class='ocrx_word' id='word_1_189' title='bbox 487 2661 590 2709; x_wconf 85' lang='lat' dir='ltr'><strong>avellier</strong></span> <span class='ocrx_word' id='word_1_190' title='bbox 602 2668 662 2710; x_wconf 84' lang='lat' dir='ltr'><strong>ante</strong></span> 
     </span>
    </p>
   </div>
   <div class='ocr_carea' id='block_1_3' title="bbox 0 0 964 3117">
    <p class='ocr_par' dir='ltr' id='par_1_3' title="bbox 0 0 964 3117">
     <span class='ocr_line' id='line_1_29' title="bbox 0 0 964 3117; baseline 0 8"><span class='ocrx_word' id='word_1_191' title='bbox 0 0 964 3117; x_wconf 95' lang='lat' dir='ltr'><strong> </strong></span> 
     </span>
    </p>
   </div>
  </div>
 </body>
</html>
