1917 3117
134 169 186 219 306
389 170 602 208 EPISTULARUM

133 327 246 375 fallimur
258 336 284 375 et
297 326 427 388 quondam
440 340 493 372 non
507 326 613 387 dignum
625 326 762 374 tradimus:
778 343 843 389 ergo

132 428 209 477 quem
222 428 269 462 sue
281 415 357 478 culpa
370 423 474 476 premet,
491 414 612 476 deceptus
625 414 714 462 omitte
726 416 802 474 tueri,

87 511 118 552 80
132 511 160 551 ut
173 503 274 567 penitus
288 509 376 550 notum
389 502 411 549 si
424 510 550 564 temptent
563 503 679 561 crimina,
695 517 780 551 serves

132 591 271 653 tuterisque
284 597 328 638 tuo
342 590 462 637 fidentem
475 591 618 651 praesidio:
642 592 686 652 qui

133 679 209 727 dente
221 678 360 727 Theonino
373 691 431 725 cum
444 678 648 728 circumroditur.
665 678 756 740 ecquid

133 767 165 815 ad
179 774 205 816 te
218 774 277 831 post
288 766 377 828 paullo
390 773 497 813 ventura
510 767 623 829 pericula
635 766 732 815 scutis?

133 871 192 904 nam
204 863 248 903 tua
259 869 299 903 ree
313 855 403 916 egitur,
420 855 504 916 paries
516 869 574 903 cum
588 856 720 918 proximus
733 856 814 915 ardet,

88 952 118 994 00
133 953 158 993 et
170 943 287 1006 neglecta
299 944 385 990 solent
394 942 517 991 incendia
529 958 630 991 sumere
644 944 712 991 viris.

132 1032 214 1080 dulcis
227 1031 367 1094 inexpertis
380 1031 479 1078 cultura
492 1032 604 1093 potentis
616 1032 707 1080 amici:

133 1127 252 1184 expertus
265 1120 362 1167 metuit.
390 1127 426 1177 tu,
442 1121 502 1166 dum
514 1129 558 1167 tua
571 1120 643 1168 navis
656 1122 683 1168 in
696 1121 783 1172 altost.

128 1208 178 1256 hoc
191 1220 248 1270 age,
265 1221 297 1255 ne
310 1215 408 1255 mutata
419 1216 560 1256 retrorsum
572 1217 599 1256 te
611 1210 677 1257 ferat
689 1223 759 1257 eure.

131 1297 241 1344 oderunt
252 1295 359 1343 hilarem
372 1296 456 1344 tristes
469 1297 618 1359 tristemque
634 1298 724 1356 iocosi,

85 1390 116 1431 00
132 1383 247 1431 sedatum
260 1383 366 1443 celeres,
381 1384 475 1447 egilem
488 1399 651 1449 gnavumque
663 1385 771 1444 remissi,

131 1480 236 1534 potores
251 1471 342 1535 [bibuli
355 1473 440 1521 media
452 1473 484 1521 de
497 1482 573 1522 nocte
586 1474 691 1523 Falerni

132 1556 251 1621 oderunt]
266 1568 385 1623 porrecta
396 1571 533 1623 negantem
545 1563 648 1625 pocula,
665 1564 781 1625 quemvis

130 1656 271 1696 nocturnos
285 1648 351 1696 iures
364 1656 390 1697 te
402 1649 540 1699 formidare
553 1660 664 1714 tepores.

132 1736 204 1783 deme
217 1737 352 1798 supercilio
367 1739 475 1786 nubem:
496 1740 646 1802 plerumque
658 1742 791 1789 modestus

86 1830 117 1871 00
133 1832 241 1886 occupat
253 1825 354 1873 obscuri
367 1826 487 1887 speciem,
503 1829 642 1876 taciturnus
656 1830 750 1878 acerbi.

130 1912 197 1960 inter
209 1920 301 1960 cuncta
312 1913 382 1976 leges
395 1920 421 1961 et
433 1919 617 1976 percontabere
631 1919 730 1975 doctos,

132 2015 183 2063 qua
194 2001 292 2049 ratione
305 2016 384 2064 queas
400 2003 535 2053 traducere
548 2006 641 2054 leniter
653 2021 752 2064 aevum,

132 2104 193 2136 num
205 2099 231 2137 te
244 2104 344 2152 semper
355 2090 432 2153 inops
445 2092 525 2154 agitet
537 2101 662 2156 vexetque
674 2095 777 2157 cupido,

133 2191 193 2225 num
206 2192 286 2240 pavor
298 2186 323 2226 et
335 2194 419 2227 rerum
431 2182 594 2230 mediocriter
605 2183 704 2231 utilium
717 2197 786 2246 spes,

70 2271 117 2312 100
131 2265 248 2313 virtutem
261 2266 377 2317 doctrina
389 2275 463 2330 paret
475 2276 600 2317 naturane
613 2271 700 2328 donet,

133 2353 193 2414 quid
205 2354 304 2402 minuat
316 2369 399 2411 curas.
416 2357 476 2419 quid
490 2366 515 2405 te
529 2358 573 2406 tibi
585 2359 676 2407 reddat
688 2359 807 2417 amicum,

132 2440 192 2502 quid
205 2456 268 2503 pure
282 2444 439 2505 tranquillet,
449 2446 538 2508 ‚bonos
551 2462 584 2493 an
599 2447 674 2494 dulce
688 2447 810 2495 lucellum

133 2540 166 2574 au
179 2536 303 2577 secretum
315 2531 362 2579 iter
375 2539 400 2580 et
412 2533 526 2581 fallentis
538 2533 629 2582 semita
640 2535 716 2583 vitae.
773 2576 780 2589 ,

131 2627 173 2660 me
186 2616 302 2675 quotiens
315 2619 396 2666 reficit
409 2621 509 2681 gelidus
522 2620 643 2684 Digentia
656 2623 734 2680 rivus,
