1917 3117
117 187 170 238 134
411 188 574 227 osuuruuu

118 348 183 396 votis
197 348 375 409 ominibusque
387 354 412 395 et
425 346 543 410 precihus
556 356 639 403 vocat,

117 451 195 485 curvo
208 450 257 484 nee
269 435 362 485 faeiem
375 436 450 484 litore
464 436 591 494 dimovot3

69 535 97 575 15
118 525 154 574 sic
167 526 298 574 desideriis
311 526 363 574 ieta
376 525 493 573 fidelibus

119 614 218 677 quaerit
230 614 313 678 patria
326 613 471 663 Caesarem.

117 765 186 805 tutus
199 758 246 805 bos
259 755 354 805 etenim
365 771 424 804 rura
436 755 605 819 perambulat,

119 846 198 894 nutrit
209 860 268 893 rura
281 844 359 893 Ceres
372 846 491 907 almaque
502 845 639 902 Faustitas,

119 942 238 999 pacatum
249 934 357 982 volitant
370 948 417 997 per
434 947 505 981 mare
518 934 627 993 navitae,

67 1033 97 1073 “20
119 1024 216 1087 culpari
228 1022 318 1071 metuit
331 1023 402 1083 fides,

119 1167 196 1215 nullis
209 1165 333 1229 polluitur
345 1173 416 1213 easta
429 1165 519 1213 domus
532 1166 635 1229 stupris,

118 1270 174 1303 mos
188 1263 213 1303 et
225 1254 268 1303 lex
280 1254 440 1302 maculosum
453 1254 567 1302 edomuit
578 1254 661 1314 uesas,

118 1344 256 1392 laudantur
269 1343 344 1391 simili
358 1344 431 1406 prole
448 1357 597 1406 puerperae,

119 1431 221 1495 eulpam
234 1446 319 1494 poena
331 1433 423 1495 premit
436 1445 532 1480 comes.

67 1582 98 1622 25
120 1574 176 1637 quis
189 1573 310 1621 Parthum
323 1581 422 1636 paveat,
439 1573 496 1637 quis
509 1574 622 1637 gelidum
636 1572 758 1636 Scythen,

119 1663 175 1725 quis
189 1662 327 1712 Germania
340 1678 405 1726 quos
419 1663 524 1711 horrida
536 1664 643 1727 parturit

120 1752 196 1810 fetus,
211 1752 334 1800 incolumi
347 1751 475 1801 Caesare?
495 1752 551 1814 quis
564 1752 633 1800 ferae

119 1841 215 1890 bellurn
228 1849 299 1889 curet
312 1841 452 1889 Hiberiae?

119 1979 206 2031 condit
218 1984 326 2047 quisque
339 1984 406 2032 diem
419 1983 528 2031 collibus
540 1984 568 2031 iu
580 1985 641 2043 suis,

67 2079 98 2121 30
120 2080 145 2121 et
156 2073 233 2121 vitem
246 2072 334 2121 viduas
352 2073 421 2121 ducit
433 2073 466 2120 ad
479 2074 600 2134 arbores,

118 2161 178 2210 hine
191 2162 222 2209 ad
236 2162 295 2210 vina
307 2162 371 2210 redit
384 2163 466 2210 laetus
479 2169 504 2211 et
520 2163 607 2210 alteris

118 2251 251 2299 tomensis
265 2250 369 2300 adhibet
385 2252 468 2300 deum.

117 2400 143 2441 te
155 2393 236 2441 multa
248 2407 333 2456 prece,
349 2399 374 2440 te
387 2394 548 2456 prosequitur
561 2409 631 2443 mero

119 2481 208 2530 defuso
222 2482 326 2544 pateris,
342 2490 368 2530 et
380 2482 475 2532 laribus
489 2491 560 2530 tuum

67 2579 97 2620 35
118 2570 207 2618 miscet
219 2586 325 2630 numen,
340 2571 377 2619 uti
391 2570 499 2620 Graecia
513 2571 626 2620 Castoris

119 2668 144 2707 et
156 2660 243 2721 magui
256 2674 354 2707 memor
372 2660 501 2709 Herculis.
