1917 3117
137 160 190 210 320
391 162 603 200 nrrsrunnnmu

136 320 233 368 rettulit
245 325 375 381 acceptos,
389 319 476 381 regale
490 318 626 377 nomisma,
641 318 792 381 Philippos.

73 414 123 457 235
138 407 183 456 sed
196 407 275 455 veluti
286 414 395 454 tractata
407 413 496 454 notam
508 406 643 468 labemque
656 407 793 455 remittunt

137 504 286 554 atramenta,
301 495 355 543 sere
368 495 506 558 scriptores
519 497 633 543 carmine
645 496 724 544 foedo

138 584 274 647 splendida
285 584 353 632 faeta
366 583 457 631 linunt.
484 584 553 631 idem
564 598 611 631 rex
622 583 677 642 ille,
693 599 792 647 poema

137 672 181 735 qui
194 679 246 720 tam
258 672 394 727 ridiculum
404 679 456 719 tam
469 685 529 719 care
541 671 664 733 prodigus
679 671 749 730 emit,

138 760 221 808 edicto
234 760 314 807 vetuit
326 759 417 821 nequis
430 773 458 807 se
470 766 572 821 praeter
584 757 699 820 Apellen

74 856 123 896 240
138 848 256 911 pingeret
268 854 313 894 aut
325 846 389 894 alius
402 846 517 909 Lysippo
531 847 635 893 duceret
647 860 708 893 aera

137 934 211 983 fortis
222 935 365 983 Alexandri
378 936 474 982 voltum
488 935 645 983 simulantia.
676 935 772 997 quodsi

136 1023 257 1071 iudicium
271 1023 362 1071 subtile
375 1023 491 1071 videndis
505 1024 601 1071 artibus
613 1023 678 1070 illud

137 1113 169 1159 ad
183 1112 262 1159 libros
276 1119 302 1159 et
314 1112 346 1158 ed
359 1112 422 1159 haec
434 1126 565 1160 musarum
577 1112 647 1159 dona
658 1126 774 1171 vocares,

137 1201 266 1248 Boeotum
277 1201 303 1248 in
317 1214 404 1248 crasso
416 1200 513 1248 iurares
526 1215 585 1248 aere
599 1208 696 1248 natum.

73 1296 124 1337 245
138 1296 165 1336 at
177 1303 261 1351 neque
274 1289 431 1336 dedecorant
442 1296 487 1335 tua
499 1288 530 1335 de
546 1303 574 1336 se
586 1288 681 1336 iudicia
692 1296 772 1350 atque

137 1390 251 1434 munera,
268 1391 334 1439 quae
346 1376 427 1424 multa
440 1376 525 1424 dantis
538 1390 596 1423 cum
608 1376 686 1424 leude
698 1377 828 1437 tulerunt,

138 1464 225 1512 dilecti
236 1465 282 1513 tibi
295 1464 424 1526 Vergilius
437 1465 582 1527 Variusque
595 1472 695 1527 poetae,

137 1566 185 1600 nec
198 1554 280 1613 magis
293 1554 409 1615 expressi
421 1554 503 1602 voltus
517 1568 563 1614 per
575 1567 656 1601 aenea
669 1554 754 1616 signa,

139 1655 216 1703 quam
228 1655 274 1704 per
286 1641 349 1688 vatis
363 1657 428 1704 opus
441 1657 525 1690 mores
538 1642 666 1704 animique
679 1643 796 1691 virorum

73 1737 123 1777 250
138 1729 265 1777 clarorum
278 1731 410 1792 adparent.
437 1745 486 1779 nec
499 1744 629 1779 sermones
642 1745 692 1791 ego
704 1731 815 1780 mallem

136 1819 247 1879 repentis
260 1832 306 1880 per
318 1817 422 1865 humum
435 1832 512 1880 quam
525 1832 565 1865 res
578 1832 727 1880 conponere
739 1829 847 1883 gestas,

137 1915 312 1970 terrarumque
325 1907 387 1955 situs
400 1914 425 1956 et
437 1907 542 1955 flumina
555 1906 640 1955 dicere
652 1914 678 1955 et
689 1908 756 1955 arcia

137 1997 265 2045 montibus
277 1997 403 2059 inpositas
417 2005 442 2045 et
454 1997 562 2045 barbara
573 2010 662 2058 regna,
677 1996 781 2059 tuisque

138 2086 258 2147 auspiciis
271 2092 354 2133 totum
366 2085 484 2133 confecta
496 2083 583 2132 duclla
595 2098 641 2146 per
654 2085 752 2142 orbern,

73 2180 123 2222 255
138 2174 298 2235 claustraque
311 2174 444 2220 custodem
456 2171 528 2235 pacis
541 2171 687 2219 cohibentia
698 2170 804 2233 Ianum,

137 2271 162 2310 et
174 2262 337 2310 formidatam
350 2262 450 2310 Parthis
462 2269 488 2309 te
500 2261 616 2323 principe
628 2260 746 2319 Romam,

138 2351 159 2397 si
173 2359 296 2412 quantum
308 2365 439 2413 cuperem,
459 2364 563 2413 possem
581 2364 696 2412 quoquc:
717 2351 765 2397 sed
779 2366 880 2417 neque

498 2453 603 2502 parrum

137 2540 240 2574 carmen
253 2528 373 2575 maiestas
387 2529 476 2590 recipit
489 2536 541 2585 tua,
557 2542 606 2576 nec
618 2541 689 2575 meus
701 2528 781 2576 audet

136 2628 189 2661 rem
202 2621 326 2677 temptare
338 2618 421 2679 pudor
433 2632 510 2679 quam
522 2617 587 2664 vires
600 2617 666 2664 ferre
678 2626 811 2667 recusent.
