<?xml version="1.0" encoding="UTF-8"?>
<!DOCTYPE html PUBLIC "-//W3C//DTD XHTML 1.0 Transitional//EN"
    "http://www.w3.org/TR/xhtml1/DTD/xhtml1-transitional.dtd">
<html xmlns="http://www.w3.org/1999/xhtml" xml:lang="en" lang="en">
 <head>
  <title>
</title>
<meta http-equiv="Content-Type" content="text/html;charset=utf-8" />
  <meta name='ocr-system' content='tesseract 3.04.00' />
  <meta name='ocr-capabilities' content='ocr_page ocr_carea ocr_par ocr_line ocrx_word'/>
</head>
<body>
  <div class='ocr_page' id='page_1' title='image "./opera00haupgoog_0209.png"; bbox 0 0 1917 3117; ppageno 0'>
   <div class='ocr_carea' id='block_1_1' title="bbox 321 197 842 247">
    <p class='ocr_par' dir='ltr' id='par_1_1' title="bbox 321 197 842 247">
     <span class='ocr_line' id='line_1_1' title="bbox 321 197 842 247; baseline 0.01 -5"><span class='ocrx_word' id='word_1_1' title='bbox 321 201 495 242; x_wconf 64' lang='lat' dir='ltr'>samanaeos</span> <span class='ocrx_word' id='word_1_2' title='bbox 510 203 599 240; x_wconf 73' lang='lat' dir='ltr'>arnna</span> <span class='ocrx_word' id='word_1_3' title='bbox 614 203 633 239; x_wconf 88' lang='lat'>1.</span> <span class='ocrx_word' id='word_1_4' title='bbox 789 197 842 247; x_wconf 74' lang='lat'>185</span> 
     </span>
    </p>
   </div>
   <div class='ocr_carea' id='block_1_2' title="bbox 66 359 845 2730">
    <p class='ocr_par' dir='ltr' id='par_1_2' title="bbox 66 359 845 2730">
     <span class='ocr_line' id='line_1_2' title="bbox 116 359 744 425; baseline -0.006 -15"><span class='ocrx_word' id='word_1_5' title='bbox 116 362 176 425; x_wconf 90' lang='lat' dir='ltr'>quid</span> <span class='ocrx_word' id='word_1_6' title='bbox 190 361 290 411; x_wconf 76' lang='lat' dir='ltr'>statisi&#39;</span> <span class='ocrx_word' id='word_1_7' title='bbox 308 362 400 410; x_wconf 84' lang='lat' dir='ltr'>nolint.</span> <span class='ocrx_word' id='word_1_8' title='bbox 428 362 499 423; x_wconf 90' lang='lat' dir='ltr'>atqui</span> <span class='ocrx_word' id='word_1_9' title='bbox 512 361 571 408; x_wconf 87' lang='lat' dir='ltr'>lieet</span> <span class='ocrx_word' id='word_1_10' title='bbox 584 374 640 408; x_wconf 87' lang='lat' dir='ltr'>esse</span> <span class='ocrx_word' id='word_1_11' title='bbox 653 359 744 407; x_wconf 85' lang='lat' dir='ltr'>beatis.</span> 
     </span>
     <span class='ocr_line' id='line_1_3' title="bbox 70 448 814 514; baseline -0.005 -15"><span class='ocrx_word' id='word_1_12' title='bbox 70 459 100 499; x_wconf 73' lang='grc' dir='ltr'>ιο</span> <span class='ocrx_word' id='word_1_13' title='bbox 116 451 176 514; x_wconf 89' lang='lat' dir='ltr'>quid</span> <span class='ocrx_word' id='word_1_14' title='bbox 190 465 283 499; x_wconf 88' lang='lat' dir='ltr'>causae</span> <span class='ocrx_word' id='word_1_15' title='bbox 295 459 341 510; x_wconf 82' lang='lat' dir='ltr'>est,</span> <span class='ocrx_word' id='word_1_16' title='bbox 357 451 448 499; x_wconf 89' lang='lat' dir='ltr'>merito</span> <span class='ocrx_word' id='word_1_17' title='bbox 461 450 523 512; x_wconf 91' lang='lat' dir='ltr'>quin</span> <span class='ocrx_word' id='word_1_18' title='bbox 535 448 586 497; x_wconf 85' lang='lat' dir='ltr'>illie</span> <span class='ocrx_word' id='word_1_19' title='bbox 599 448 712 511; x_wconf 88' lang='lat' dir='ltr'>Iuppiter</span> <span class='ocrx_word' id='word_1_20' title='bbox 725 449 814 495; x_wconf 86' lang='lat' dir='ltr'>ambas</span> 
     </span>
     <span class='ocr_line' id='line_1_4' title="bbox 115 537 711 601; baseline -0.007 -13"><span class='ocrx_word' id='word_1_21' title='bbox 115 541 193 588; x_wconf 89' lang='lat' dir='ltr'>iratus</span> <span class='ocrx_word' id='word_1_22' title='bbox 208 541 300 588; x_wconf 87' lang='lat' dir='ltr'>buccas</span> <span class='ocrx_word' id='word_1_23' title='bbox 313 537 384 587; x_wconf 88' lang='lat' dir='ltr'>inflet</span> <span class='ocrx_word' id='word_1_24' title='bbox 396 553 481 601; x_wconf 88' lang='lat' dir='ltr'>neque</span> <span class='ocrx_word' id='word_1_25' title='bbox 495 552 522 587; x_wconf 87' lang='lat' dir='ltr'>se</span> <span class='ocrx_word' id='word_1_26' title='bbox 534 538 590 587; x_wconf 85' lang='lat' dir='ltr'>fore</span> <span class='ocrx_word' id='word_1_27' title='bbox 603 538 711 600; x_wconf 86' lang='lat' dir='ltr'>posthac</span> 
     </span>
     <span class='ocr_line' id='line_1_5' title="bbox 115 626 742 690; baseline -0.005 -14"><span class='ocrx_word' id='word_1_28' title='bbox 115 637 167 677; x_wconf 85' lang='lat' dir='ltr'>tarn</span> <span class='ocrx_word' id='word_1_29' title='bbox 180 628 282 676; x_wconf 76' lang='lat' dir='ltr'><strong>facilem</strong></span> <span class='ocrx_word' id='word_1_30' title='bbox 295 629 372 686; x_wconf 82' lang='lat' dir='ltr'>dicat,</span> <span class='ocrx_word' id='word_1_31' title='bbox 387 627 452 675; x_wconf 87' lang='lat' dir='ltr'>votis</span> <span class='ocrx_word' id='word_1_32' title='bbox 465 635 493 675; x_wconf 88' lang='lat' dir='ltr'>ut</span> <span class='ocrx_word' id='word_1_33' title='bbox 505 627 626 690; x_wconf 88' lang='lat' dir='ltr'>praebeat</span> <span class='ocrx_word' id='word_1_34' title='bbox 639 626 742 674; x_wconf 80' lang='lat' dir='ltr'>aurem?</span> 
     </span>
     <span class='ocr_line' id='line_1_6' title="bbox 115 716 689 780; baseline -0.003 -15"><span class='ocrx_word' id='word_1_35' title='bbox 115 728 255 780; x_wconf 83' lang='lat' dir='ltr'>praeterea,</span> <span class='ocrx_word' id='word_1_36' title='bbox 271 731 305 764; x_wconf 91' lang='lat' dir='ltr'>ue</span> <span class='ocrx_word' id='word_1_37' title='bbox 316 717 353 764; x_wconf 89' lang='lat' dir='ltr'>sic</span> <span class='ocrx_word' id='word_1_38' title='bbox 365 725 393 764; x_wconf 88' lang='grc' dir='ltr'>ιιι</span> <span class='ocrx_word' id='word_1_39' title='bbox 406 716 449 779; x_wconf 91' lang='lat' dir='ltr'>qui</span> <span class='ocrx_word' id='word_1_40' title='bbox 462 716 586 764; x_wconf 87' lang='lat' dir='ltr'>iocularia</span> <span class='ocrx_word' id='word_1_41' title='bbox 603 716 689 765; x_wconf 86' lang='lat' dir='ltr'>ridens</span> 
     </span>
     <span class='ocr_line' id='line_1_7' title="bbox 115 805 777 869; baseline -0.005 -15"><span class='ocrx_word' id='word_1_42' title='bbox 115 820 261 869; x_wconf 76' lang='lat' dir='ltr'>percurram</span> <span class='ocrx_word' id='word_1_43' title='bbox 274 805 442 869; x_wconf 88' lang='lat' dir='ltr'>(quamquam</span> <span class='ocrx_word' id='word_1_44' title='bbox 454 806 580 853; x_wconf 82' lang='lat' dir='ltr'>ridentem</span> <span class='ocrx_word' id='word_1_45' title='bbox 592 805 676 853; x_wconf 79' lang='lat' dir='ltr'>dicere</span> <span class='ocrx_word' id='word_1_46' title='bbox 689 819 777 852; x_wconf 88' lang='lat' dir='ltr'>verum</span> 
     </span>
     <span class='ocr_line' id='line_1_8' title="bbox 69 893 801 958; baseline -0.008 -13"><span class='ocrx_word' id='word_1_47' title='bbox 69 904 100 945; x_wconf 80' lang='lat'>25</span> <span class='ocrx_word' id='word_1_48' title='bbox 116 895 176 958; x_wconf 90' lang='lat' dir='ltr'>quid</span> <span class='ocrx_word' id='word_1_49' title='bbox 189 895 274 942; x_wconf 82' lang='lat' dir='ltr'>vetat?</span> <span class='ocrx_word' id='word_1_50' title='bbox 292 903 321 943; x_wconf 91' lang='lat' dir='ltr'>ut</span> <span class='ocrx_word' id='word_1_51' title='bbox 333 896 417 957; x_wconf 83' lang='lat' dir='ltr'>pueris</span> <span class='ocrx_word' id='word_1_52' title='bbox 431 895 494 943; x_wconf 90' lang='lat' dir='ltr'>oiim</span> <span class='ocrx_word' id='word_1_53' title='bbox 507 895 569 942; x_wconf 87' lang='lat' dir='ltr'>dant</span> <span class='ocrx_word' id='word_1_54' title='bbox 587 894 699 942; x_wconf 89' lang='lat' dir='ltr'>crustula</span> <span class='ocrx_word' id='word_1_55' title='bbox 712 893 801 942; x_wconf 88' lang='lat' dir='ltr'>blandi</span> 
     </span>
     <span class='ocr_line' id='line_1_9' title="bbox 117 983 738 1045; baseline -0.005 -14"><span class='ocrx_word' id='word_1_56' title='bbox 117 984 245 1041; x_wconf 84' lang='lat' dir='ltr'>doctores,</span> <span class='ocrx_word' id='word_1_57' title='bbox 261 984 388 1032; x_wconf 89' lang='lat' dir='ltr'>elementa</span> <span class='ocrx_word' id='word_1_58' title='bbox 400 983 478 1031; x_wconf 82' lang='lat' dir='ltr'>velint</span> <span class='ocrx_word' id='word_1_59' title='bbox 491 992 519 1031; x_wconf 88' lang='lat' dir='ltr'>ut</span> <span class='ocrx_word' id='word_1_60' title='bbox 531 983 628 1031; x_wconf 79' lang='lat' dir='ltr'>discere</span> <span class='ocrx_word' id='word_1_61' title='bbox 642 984 738 1045; x_wconf 83' lang='lat' dir='ltr'>prima:</span> 
     </span>
     <span class='ocr_line' id='line_1_10' title="bbox 66 1066 703 1134; baseline -0.002 -14"><span class='ocrx_word' id='word_1_62' title='bbox 66 1066 76 1076; x_wconf 78' lang='grc'>”</span> <span class='ocrx_word' id='word_1_63' title='bbox 118 1072 162 1121; x_wconf 88' lang='lat' dir='ltr'>scd</span> <span class='ocrx_word' id='word_1_64' title='bbox 176 1080 261 1121; x_wconf 84' lang='lat' dir='ltr'>tamen</span> <span class='ocrx_word' id='word_1_65' title='bbox 275 1079 361 1119; x_wconf 87' lang='lat' dir='ltr'>amoto</span> <span class='ocrx_word' id='word_1_66' title='bbox 375 1083 527 1133; x_wconf 84' lang='lat' dir='ltr'>quaeramus</span> <span class='ocrx_word' id='word_1_67' title='bbox 540 1072 606 1121; x_wconf 81' lang='lat' dir='ltr'>seria</span> <span class='ocrx_word' id='word_1_68' title='bbox 619 1072 703 1134; x_wconf 84' lang='lat' dir='ltr'>iudo),</span> 
     </span>
     <span class='ocr_line' id='line_1_11' title="bbox 116 1159 709 1223; baseline -0.003 -14"><span class='ocrx_word' id='word_1_69' title='bbox 116 1162 161 1210; x_wconf 87' lang='lat' dir='ltr'>iile</span> <span class='ocrx_word' id='word_1_70' title='bbox 173 1175 276 1223; x_wconf 81' lang='lat' dir='ltr'>gravem</span> <span class='ocrx_word' id='word_1_71' title='bbox 289 1160 353 1208; x_wconf 89' lang='lat' dir='ltr'>duro</span> <span class='ocrx_word' id='word_1_72' title='bbox 367 1168 460 1208; x_wconf 86' lang='lat' dir='ltr'>terrum</span> <span class='ocrx_word' id='word_1_73' title='bbox 473 1161 517 1223; x_wconf 89' lang='lat' dir='ltr'>qni</span> <span class='ocrx_word' id='word_1_74' title='bbox 529 1161 603 1209; x_wconf 85' lang='lat' dir='ltr'>vertit</span> <span class='ocrx_word' id='word_1_75' title='bbox 614 1159 709 1217; x_wconf 75' lang='lat' dir='ltr'>eratne,</span> 
     </span>
     <span class='ocr_line' id='line_1_12' title="bbox 118 1250 784 1313; baseline -0.003 -16"><span class='ocrx_word' id='word_1_76' title='bbox 118 1250 228 1312; x_wconf 83' lang='lat' dir='ltr'>perfidus</span> <span class='ocrx_word' id='word_1_77' title='bbox 243 1250 284 1297; x_wconf 91' lang='lat' dir='ltr'>hic</span> <span class='ocrx_word' id='word_1_78' title='bbox 297 1264 389 1313; x_wconf 87' lang='lat' dir='ltr'>caupo,</span> <span class='ocrx_word' id='word_1_79' title='bbox 404 1250 477 1298; x_wconf 89' lang='lat' dir='ltr'>miles</span> <span class='ocrx_word' id='word_1_80' title='bbox 491 1257 636 1311; x_wconf 80' lang='lat' dir='ltr'>nautaeque</span> <span class='ocrx_word' id='word_1_81' title='bbox 649 1262 784 1311; x_wconf 88' lang='lat' dir='ltr'>peremne</span> 
     </span>
     <span class='ocr_line' id='line_1_13' title="bbox 72 1338 786 1401; baseline -0.004 -14"><span class='ocrx_word' id='word_1_82' title='bbox 72 1347 103 1387; x_wconf 86' lang='lat'>30</span> <span class='ocrx_word' id='word_1_83' title='bbox 119 1339 228 1386; x_wconf 81' lang='lat' dir='ltr'>audaces</span> <span class='ocrx_word' id='word_1_84' title='bbox 241 1352 312 1387; x_wconf 86' lang='lat' dir='ltr'>mare</span> <span class='ocrx_word' id='word_1_85' title='bbox 325 1339 369 1401; x_wconf 90' lang='lat' dir='ltr'>qui</span> <span class='ocrx_word' id='word_1_86' title='bbox 381 1346 494 1397; x_wconf 88' lang='lat' dir='ltr'>currunt,</span> <span class='ocrx_word' id='word_1_87' title='bbox 509 1339 558 1386; x_wconf 88' lang='lat' dir='ltr'>hac</span> <span class='ocrx_word' id='word_1_88' title='bbox 571 1346 657 1386; x_wconf 87' lang='lat' dir='ltr'>mente</span> <span class='ocrx_word' id='word_1_89' title='bbox 670 1338 786 1386; x_wconf 88' lang='lat' dir='ltr'>laborem</span> 
     </span>
     <span class='ocr_line' id='line_1_14' title="bbox 120 1427 709 1487; baseline 0 -12"><span class='ocrx_word' id='word_1_90' title='bbox 120 1442 175 1476; x_wconf 87' lang='lat' dir='ltr'>sese</span> <span class='ocrx_word' id='word_1_91' title='bbox 188 1428 264 1487; x_wconf 81' lang='lat' dir='ltr'>ferre,</span> <span class='ocrx_word' id='word_1_92' title='bbox 280 1442 356 1475; x_wconf 85' lang='lat' dir='ltr'>senes</span> <span class='ocrx_word' id='word_1_93' title='bbox 368 1428 435 1476; x_wconf 92' lang='lat' dir='ltr'>utin</span> <span class='ocrx_word' id='word_1_94' title='bbox 449 1429 502 1475; x_wconf 89' lang='lat' dir='ltr'>otia</span> <span class='ocrx_word' id='word_1_95' title='bbox 513 1436 567 1476; x_wconf 88' lang='lat' dir='ltr'>tuta</span> <span class='ocrx_word' id='word_1_96' title='bbox 578 1427 709 1485; x_wconf 83' lang='lat' dir='ltr'>recedant,</span> 
     </span>
     <span class='ocr_line' id='line_1_15' title="bbox 118 1516 743 1580; baseline -0.002 -16"><span class='ocrx_word' id='word_1_97' title='bbox 118 1516 198 1574; x_wconf 82' lang='lat' dir='ltr'>aiunt,</span> <span class='ocrx_word' id='word_1_98' title='bbox 214 1531 272 1564; x_wconf 92' lang='lat' dir='ltr'>cum</span> <span class='ocrx_word' id='word_1_99' title='bbox 284 1516 331 1564; x_wconf 90' lang='lat' dir='ltr'>sibi</span> <span class='ocrx_word' id='word_1_100' title='bbox 345 1517 397 1563; x_wconf 88' lang='lat' dir='ltr'>sint</span> <span class='ocrx_word' id='word_1_101' title='bbox 408 1526 534 1580; x_wconf 85' lang='lat' dir='ltr'>congesta</span> <span class='ocrx_word' id='word_1_102' title='bbox 546 1516 656 1565; x_wconf 79' lang='lat' dir='ltr'>cibaria:</span> <span class='ocrx_word' id='word_1_103' title='bbox 678 1517 743 1564; x_wconf 87' lang='lat' dir='ltr'>sicut</span> 
     </span>
     <span class='ocr_line' id='line_1_16' title="bbox 117 1602 832 1668; baseline -0.003 -16"><span class='ocrx_word' id='word_1_104' title='bbox 117 1605 223 1667; x_wconf 86' lang='lat' dir='ltr'>parvola</span> <span class='ocrx_word' id='word_1_105' title='bbox 236 1602 309 1667; x_wconf 86' lang='lat' dir='ltr'>(nam</span> <span class='ocrx_word' id='word_1_106' title='bbox 322 1607 440 1668; x_wconf 84' lang='lat' dir='ltr'>exemplo</span> <span class='ocrx_word' id='word_1_107' title='bbox 454 1605 504 1668; x_wconf 85' lang='lat' dir='ltr'>est)</span> <span class='ocrx_word' id='word_1_108' title='bbox 517 1605 604 1667; x_wconf 83' lang='lat' dir='ltr'>magni</span> <span class='ocrx_word' id='word_1_109' title='bbox 617 1605 723 1653; x_wconf 80' lang='lat' dir='ltr'>formica</span> <span class='ocrx_word' id='word_1_110' title='bbox 736 1603 832 1653; x_wconf 87' lang='lat' dir='ltr'>laboris</span> 
     </span>
     <span class='ocr_line' id='line_1_17' title="bbox 117 1692 817 1756; baseline -0.001 -16"><span class='ocrx_word' id='word_1_111' title='bbox 117 1706 163 1740; x_wconf 88' lang='lat' dir='ltr'>ore</span> <span class='ocrx_word' id='word_1_112' title='bbox 175 1692 252 1740; x_wconf 85' lang='lat' dir='ltr'>trahit</span> <span class='ocrx_word' id='word_1_113' title='bbox 264 1693 443 1756; x_wconf 88' lang='lat' dir='ltr'>quodcumque</span> <span class='ocrx_word' id='word_1_114' title='bbox 456 1703 542 1756; x_wconf 88' lang='lat' dir='ltr'>potest</span> <span class='ocrx_word' id='word_1_115' title='bbox 553 1702 631 1756; x_wconf 89' lang='lat' dir='ltr'>atque</span> <span class='ocrx_word' id='word_1_116' title='bbox 644 1694 714 1742; x_wconf 89' lang='lat' dir='ltr'>addit</span> <span class='ocrx_word' id='word_1_117' title='bbox 727 1707 817 1742; x_wconf 88' lang='lat' dir='ltr'>acervo</span> 
     </span>
     <span class='ocr_line' id='line_1_18' title="bbox 72 1781 799 1844; baseline -0.003 -14"><span class='ocrx_word' id='word_1_118' title='bbox 72 1790 102 1830; x_wconf 83' lang='grc'>35</span> <span class='ocrx_word' id='word_1_119' title='bbox 119 1795 195 1844; x_wconf 90' lang='lat' dir='ltr'>quem</span> <span class='ocrx_word' id='word_1_120' title='bbox 208 1781 288 1836; x_wconf 82' lang='lat' dir='ltr'>struit,</span> <span class='ocrx_word' id='word_1_121' title='bbox 304 1782 371 1828; x_wconf 88' lang='lat' dir='ltr'>haud</span> <span class='ocrx_word' id='word_1_122' title='bbox 384 1781 475 1843; x_wconf 83' lang='lat' dir='ltr'>ignara</span> <span class='ocrx_word' id='word_1_123' title='bbox 488 1797 518 1830; x_wconf 90' lang='lat' dir='ltr'>ac</span> <span class='ocrx_word' id='word_1_124' title='bbox 530 1797 584 1830; x_wconf 89' lang='lat' dir='ltr'>non</span> <span class='ocrx_word' id='word_1_125' title='bbox 596 1784 700 1830; x_wconf 85' lang='lat' dir='ltr'>incauta</span> <span class='ocrx_word' id='word_1_126' title='bbox 711 1783 799 1831; x_wconf 85' lang='lat' dir='ltr'>futuri.</span> 
     </span>
     <span class='ocr_line' id='line_1_19' title="bbox 118 1869 816 1933; baseline 0.003 -16"><span class='ocrx_word' id='word_1_127' title='bbox 118 1884 192 1933; x_wconf 87' lang='lat' dir='ltr'>quae,</span> <span class='ocrx_word' id='word_1_128' title='bbox 208 1869 282 1916; x_wconf 86' lang='lat' dir='ltr'>simul</span> <span class='ocrx_word' id='word_1_129' title='bbox 293 1869 421 1918; x_wconf 83' lang='lat' dir='ltr'>inversum</span> <span class='ocrx_word' id='word_1_130' title='bbox 434 1871 566 1919; x_wconf 80' lang='lat' dir='ltr'>contristat</span> <span class='ocrx_word' id='word_1_131' title='bbox 579 1871 698 1933; x_wconf 86' lang='lat' dir='ltr'>aquarius</span> <span class='ocrx_word' id='word_1_132' title='bbox 711 1885 816 1929; x_wconf 83' lang='lat' dir='ltr'>annum,</span> 
     </span>
     <span class='ocr_line' id='line_1_20' title="bbox 118 1958 684 2022; baseline 0.005 -17"><span class='ocrx_word' id='word_1_133' title='bbox 118 1973 171 2006; x_wconf 89' lang='lat' dir='ltr'>non</span> <span class='ocrx_word' id='word_1_134' title='bbox 184 1973 293 2020; x_wconf 79' lang='lat' dir='ltr'>usquam</span> <span class='ocrx_word' id='word_1_135' title='bbox 305 1960 420 2022; x_wconf 81' lang='lat' dir='ltr'>prorepit</span> <span class='ocrx_word' id='word_1_136' title='bbox 431 1967 458 2006; x_wconf 88' lang='lat' dir='ltr'>et</span> <span class='ocrx_word' id='word_1_137' title='bbox 469 1958 521 2006; x_wconf 85' lang='lat' dir='ltr'>iliis</span> <span class='ocrx_word' id='word_1_138' title='bbox 534 1959 612 2007; x_wconf 86' lang='lat' dir='ltr'>utitur</span> <span class='ocrx_word' id='word_1_139' title='bbox 624 1966 684 2008; x_wconf 87' lang='lat' dir='ltr'>aute</span> 
     </span>
     <span class='ocr_line' id='line_1_21' title="bbox 118 2047 790 2110; baseline 0.001 -16"><span class='ocrx_word' id='word_1_140' title='bbox 118 2047 239 2110; x_wconf 87' lang='lat' dir='ltr'>quaesitis</span> <span class='ocrx_word' id='word_1_141' title='bbox 252 2047 364 2109; x_wconf 85' lang='lat' dir='ltr'>sapiens,</span> <span class='ocrx_word' id='word_1_142' title='bbox 379 2062 437 2094; x_wconf 87' lang='lat' dir='ltr'>curn</span> <span class='ocrx_word' id='word_1_143' title='bbox 448 2054 474 2095; x_wconf 90' lang='lat' dir='ltr'>te</span> <span class='ocrx_word' id='word_1_144' title='bbox 487 2062 571 2110; x_wconf 90' lang='lat' dir='ltr'>neque</span> <span class='ocrx_word' id='word_1_145' title='bbox 583 2049 694 2097; x_wconf 82' lang='lat' dir='ltr'>fervidus</span> <span class='ocrx_word' id='word_1_146' title='bbox 707 2056 790 2096; x_wconf 89' lang='lat' dir='ltr'>aestus</span> 
     </span>
     <span class='ocr_line' id='line_1_22' title="bbox 119 2136 842 2199; baseline 0.01 -18"><span class='ocrx_word' id='word_1_147' title='bbox 119 2136 253 2184; x_wconf 84' lang='lat' dir='ltr'>demoveat</span> <span class='ocrx_word' id='word_1_148' title='bbox 265 2136 346 2195; x_wconf 85' lang='lat' dir='ltr'>lucro,</span> <span class='ocrx_word' id='word_1_149' title='bbox 362 2150 446 2199; x_wconf 90' lang='lat' dir='ltr'>neque</span> <span class='ocrx_word' id='word_1_150' title='bbox 457 2136 548 2196; x_wconf 83' lang='lat' dir='ltr'>hiems,</span> <span class='ocrx_word' id='word_1_151' title='bbox 564 2137 641 2199; x_wconf 85' lang='lat' dir='ltr'>ignis,</span> <span class='ocrx_word' id='word_1_152' title='bbox 650 2150 729 2195; x_wconf 77' lang='lat' dir='ltr'>mare,</span> <span class='ocrx_word' id='word_1_153' title='bbox 738 2137 842 2188; x_wconf 68' lang='lat' dir='ltr'>ferrum,</span> 
     </span>
     <span class='ocr_line' id='line_1_23' title="bbox 71 2224 698 2284; baseline -0.002 -11"><span class='ocrx_word' id='word_1_154' title='bbox 71 2233 104 2273; x_wconf 80' lang='lat'>40</span> <span class='ocrx_word' id='word_1_155' title='bbox 119 2224 155 2273; x_wconf 90' lang='lat' dir='ltr'>nil</span> <span class='ocrx_word' id='word_1_156' title='bbox 168 2227 252 2273; x_wconf 78' lang='lat' dir='ltr'>obstet</span> <span class='ocrx_word' id='word_1_157' title='bbox 264 2225 319 2284; x_wconf 85' lang='lat' dir='ltr'>tibi,</span> <span class='ocrx_word' id='word_1_158' title='bbox 336 2224 396 2273; x_wconf 87' lang='lat' dir='ltr'>dum</span> <span class='ocrx_word' id='word_1_159' title='bbox 408 2240 442 2273; x_wconf 88' lang='lat' dir='ltr'>ne</span> <span class='ocrx_word' id='word_1_160' title='bbox 455 2226 487 2274; x_wconf 92' lang='lat' dir='ltr'>sit</span> <span class='ocrx_word' id='word_1_161' title='bbox 498 2234 523 2274; x_wconf 90' lang='lat' dir='ltr'>te</span> <span class='ocrx_word' id='word_1_162' title='bbox 538 2225 614 2273; x_wconf 90' lang='lat' dir='ltr'>ditior</span> <span class='ocrx_word' id='word_1_163' title='bbox 625 2226 698 2274; x_wconf 88' lang='lat' dir='ltr'>alter.</span> 
     </span>
     <span class='ocr_line' id='line_1_24' title="bbox 118 2313 791 2377; baseline 0.001 -16"><span class='ocrx_word' id='word_1_164' title='bbox 118 2313 178 2376; x_wconf 88' lang='lat' dir='ltr'>quid</span> <span class='ocrx_word' id='word_1_165' title='bbox 191 2314 259 2362; x_wconf 86' lang='lat' dir='ltr'>iuvat</span> <span class='ocrx_word' id='word_1_166' title='bbox 270 2315 414 2363; x_wconf 90' lang='lat' dir='ltr'>inmensum</span> <span class='ocrx_word' id='word_1_167' title='bbox 427 2321 453 2362; x_wconf 87' lang='lat' dir='ltr'>te</span> <span class='ocrx_word' id='word_1_168' title='bbox 465 2315 566 2377; x_wconf 84' lang='lat' dir='ltr'>argenti</span> <span class='ocrx_word' id='word_1_169' title='bbox 583 2315 685 2377; x_wconf 82' lang='lat' dir='ltr'>pondua</span> <span class='ocrx_word' id='word_1_170' title='bbox 699 2323 723 2363; x_wconf 92' lang='lat' dir='ltr'>et</span> <span class='ocrx_word' id='word_1_171' title='bbox 736 2314 791 2362; x_wconf 85' lang='lat' dir='ltr'>auri</span> 
     </span>
     <span class='ocr_line' id='line_1_25' title="bbox 118 2401 697 2466; baseline 0.003 -18"><span class='ocrx_word' id='word_1_172' title='bbox 118 2401 204 2450; x_wconf 87' lang='lat' dir='ltr'>furtim</span> <span class='ocrx_word' id='word_1_173' title='bbox 217 2403 322 2451; x_wconf 82' lang='lat' dir='ltr'>defossa</span> <span class='ocrx_word' id='word_1_174' title='bbox 334 2403 450 2452; x_wconf 90' lang='lat' dir='ltr'>timidum</span> <span class='ocrx_word' id='word_1_175' title='bbox 468 2405 599 2466; x_wconf 88' lang='lat' dir='ltr'>deponere</span> <span class='ocrx_word' id='word_1_176' title='bbox 611 2403 697 2451; x_wconf 84' lang='lat' dir='ltr'>terra?</span> 
     </span>
     <span class='ocr_line' id='line_1_26' title="bbox 117 2490 809 2554; baseline 0.006 -17"><span class='ocrx_word' id='word_1_177' title='bbox 117 2490 205 2553; x_wconf 87' lang='lat' dir='ltr'>‘quod‚</span> <span class='ocrx_word' id='word_1_178' title='bbox 221 2493 243 2540; x_wconf 91' lang='lat' dir='ltr'>si</span> <span class='ocrx_word' id='word_1_179' title='bbox 255 2494 413 2551; x_wconf 77' lang='lat' dir='ltr'>conminuas‚</span> <span class='ocrx_word' id='word_1_180' title='bbox 429 2493 505 2541; x_wconf 79' lang='lat' dir='ltr'>vilem</span> <span class='ocrx_word' id='word_1_181' title='bbox 517 2493 648 2554; x_wconf 84' lang='lat' dir='ltr'>redigatur</span> <span class='ocrx_word' id='word_1_182' title='bbox 660 2492 693 2540; x_wconf 89' lang='lat' dir='ltr'>ad</span> <span class='ocrx_word' id='word_1_183' title='bbox 706 2493 809 2541; x_wconf 82' lang='lat' dir='ltr'>assem’</span> 
     </span>
     <span class='ocr_line' id='line_1_27' title="bbox 118 2580 845 2645; baseline 0.001 -18"><span class='ocrx_word' id='word_1_184' title='bbox 118 2587 144 2627; x_wconf 85' lang='lat' dir='ltr'>at</span> <span class='ocrx_word' id='word_1_185' title='bbox 156 2580 182 2627; x_wconf 92' lang='lat' dir='ltr'>ni</span> <span class='ocrx_word' id='word_1_186' title='bbox 193 2580 262 2640; x_wconf 78' lang='lat' dir='ltr'>idm,</span> <span class='ocrx_word' id='word_1_187' title='bbox 274 2582 334 2644; x_wconf 90' lang='lat' dir='ltr'>quid</span> <span class='ocrx_word' id='word_1_188' title='bbox 347 2583 424 2630; x_wconf 88' lang='lat' dir='ltr'>habet</span> <span class='ocrx_word' id='word_1_189' title='bbox 437 2581 536 2645; x_wconf 89' lang='lat' dir='ltr'>pulchri</span> <span class='ocrx_word' id='word_1_190' title='bbox 550 2589 710 2630; x_wconf 87' lang='lat' dir='ltr'>constructus</span> <span class='ocrx_word' id='word_1_191' title='bbox 722 2581 845 2630; x_wconf 80' lang='lat' dir='ltr'>acervus?</span> 
     </span>
     <span class='ocr_line' id='line_1_28' title="bbox 71 2667 682 2730; baseline 0.003 -14"><span class='ocrx_word' id='word_1_192' title='bbox 71 2677 103 2717; x_wconf 77' lang='grc'>45</span> <span class='ocrx_word' id='word_1_193' title='bbox 118 2667 189 2716; x_wconf 90' lang='lat' dir='ltr'>milia</span> <span class='ocrx_word' id='word_1_194' title='bbox 202 2668 321 2718; x_wconf 88' lang='lat' dir='ltr'>frumenti</span> <span class='ocrx_word' id='word_1_195' title='bbox 333 2677 377 2718; x_wconf 86' lang='lat' dir='ltr'>tua</span> <span class='ocrx_word' id='word_1_196' title='bbox 390 2671 487 2719; x_wconf 83' lang='lat' dir='ltr'>triverit</span> <span class='ocrx_word' id='word_1_197' title='bbox 500 2679 682 2730; x_wconf 68' lang='lat' dir='ltr'>crementum,</span> 
     </span>
    </p>
   </div>
   <div class='ocr_carea' id='block_1_3' title="bbox 0 0 964 3117">
    <p class='ocr_par' dir='ltr' id='par_1_3' title="bbox 0 0 964 3117">
     <span class='ocr_line' id='line_1_29' title="bbox 0 0 964 3117; baseline 0 0"><span class='ocrx_word' id='word_1_198' title='bbox 0 0 964 3117; x_wconf 95' lang='lat' dir='ltr'> </span> 
     </span>
    </p>
   </div>
  </div>
 </body>
</html>
