1917 3117
437 175 527 214 mser
547 177 568 214 1.
845 175 879 224 13

128 334 233 382 Tiburis
245 335 334 381 umbra
345 334 390 383 tui.
417 334 517 383 Teucer
529 333 661 382 Salamina
677 342 826 398 patremque

131 437 190 470 oum
202 421 307 485 fugeret,
322 431 408 472 tamen
420 424 471 470 uda
483 422 571 485 Lyaeo

5 494 14 517 ⁹
129 519 248 574 tempora
260 513 372 574 populea
385 512 467 560 fertur
477 512 590 561 vinxisse
602 527 709 572 corona,

130 601 168 648 sic
180 601 256 649 tristis
270 601 371 649 adfatus
384 602 490 660 amicos,

77 752 109 793 25
129 744 190 806 ‘quo
204 758 252 791 nos
266 758 373 805 eumque
386 743 449 792 feret
465 744 557 791 melior
568 744 672 793 fortuna
684 754 798 808 parente,

130 832 232 891 ibimus,
249 847 264 879 o
278 832 340 881 socii
355 832 520 894 comitesque.

131 922 168 969 nil
181 920 366 983 desperandum
379 921 480 968 Teucro
494 922 558 969 duce
570 930 595 969 et
607 922 711 984 auspice
721 923 840 971 Phoebo:

132 1018 215 1058 certus
228 998 296 1057 enim
308 1010 423 1072 promisit
435 1010 534 1071 Apollo

130 1152 277 1212 ambiguam
288 1151 379 1200 tellure
392 1166 459 1198 nove
472 1150 603 1201 Salernina
615 1152 734 1201 futuram.

77 1248 111 1289 30
133 1240 241 1288 ofortes
260 1241 399 1302 peioraque
412 1241 480 1303 passi

130 1343 231 1377 meeum
243 1342 321 1391 saepe
334 1329 387 1388 viri,
403 1344 472 1377 nune
485 1330 544 1376 vino
558 1330 644 1391 pellite
657 1345 745 1378 curas:

5 1417 15 1441 '
132 1432 187 1465 eres
199 1417 291 1480 ingens
304 1417 449 1465 iterabimus
467 1419 583 1480 aequor.²

5 1537 13 1582 k

470 1808 544 1855 VIII.

130 1968 222 2030 Lydia,
238 1969 287 2027 die,
304 1982 349 2031 per
368 1968 451 2015 omnis

130 2066 155 2107 te
169 2058 230 2105 deos
244 2072 300 2116 oro,
316 2055 425 2118 Sybarin
440 2072 485 2103 our
497 2071 618 2119 properes
631 2057 742 2104 amando

131 2146 248 2209 perdere,
264 2161 309 2193 our
321 2145 436 2208 apricum

132 2236 214 2283 oderit
226 2250 353 2297 eampum,
373 2235 472 2297 patiens
486 2234 597 2296 pulveris
611 2241 686 2295 atque
699 2234 770 2281 solis.

5 2407 12 2428 2
95 2389 110 2428 5
132 2391 273 2440 carneque
286 2378 400 2426 militaris

132 2468 198 2514 inter
210 2468 325 2530 aequalis
344 2468 448 2530 equitat,
465 2465 566 2514 Gallica
578 2479 626 2513 nee
638 2466 730 2528 lupatis

131 2564 256 2618 temperat
269 2570 315 2602 ora
327 2555 423 2604 frenis?

132 2660 178 2693 eur
190 2646 260 2693 timet
273 2644 365 2692 flavum
378 2645 491 2692 Tiberim
503 2643 627 2705 tangere?
645 2657 690 2691 eur
703 2644 798 2691 olivum
