1917 3117
400 196 489 234 bruun
502 196 524 234 1.
770 194 824 243 Μ

101 353 162 401 dum
174 353 276 400 flamma
289 354 344 401 sine
356 361 413 401 tura
424 354 568 415 liquescere
580 353 667 401 limine
680 368 753 402 sacro

37 451 85 490 100
100 442 255 504 persuadere
267 442 345 504 cupit.
371 442 459 490 credat
470 441 581 490 Iudaeus
593 442 696 503 Apella,

99 546 220 592 nonego.
242 545 353 593 namque
361 531 423 578 deos
431 531 507 578 didici
515 544 822 592 securumagereaerum,

99 634 148 667 nec
160 620 245 682 siquid
259 619 314 667 miri
326 619 405 667 liciat
418 627 517 677 natura,
533 620 596 666 deos
608 618 635 665 id

99 709 178 757 tristis
191 724 224 757 ex
237 708 289 756 alto
303 708 367 756 caeli
382 707 515 755 demittere
527 715 605 755 tecto.

99 783 264 846 Brundisium
276 797 371 858 longae
384 796 442 844 finis
455 795 610 858 chartaeque
622 797 761 859 viaequest.

438 1166 485 1215 VI.

99 1325 159 1374 Non
172 1327 240 1389 quia,
255 1327 403 1385 Maecenas,
416 1326 548 1387 Lydorum
561 1326 683 1388 quidquid
696 1326 817 1375 Etruscos

99 1415 208 1463 incoluit
220 1415 285 1474 finis,
302 1429 379 1463 nemo
393 1414 544 1476 generosior
558 1422 642 1472 cette,

101 1518 148 1552 nec
161 1504 231 1567 quod
244 1519 306 1551 avus
318 1504 362 1551 tibi
375 1511 505 1550 maternus
518 1502 566 1550 fuit
578 1511 654 1565 atque
667 1512 797 1566 paternus,

101 1592 163 1639 olim
177 1593 220 1653 qui
232 1592 333 1653 magnis
346 1592 491 1654 legionibus
504 1592 689 1653 imperitarent,

73 1691 85 1729 5
100 1688 128 1728 ut
140 1680 255 1742 plerique
268 1680 362 1738 solent,
377 1694 442 1728 naso
455 1680 591 1742 suspendis
604 1681 705 1729 adunco

100 1768 213 1830 ignotos,
230 1775 259 1815 ut
270 1783 311 1815 me
323 1769 444 1815 libertino
457 1776 529 1829 patre
547 1778 643 1815 natum.

101 1872 159 1904 cum
172 1856 266 1905 referre
278 1870 358 1918 negas
371 1856 440 1918 quali
452 1856 485 1903 sit
498 1857 606 1917 quisque
623 1867 729 1918 parente

100 1954 184 2004 natus,
201 1945 261 1992 duur
272 1944 407 2005 ingenuus,
424 1944 562 2006 persuades
576 1944 625 1991 boc
637 1945 683 1992 tibi
695 1960 761 2003 vere,

101 2043 160 2083 ante
173 2040 329 2097 potestatem
341 2032 411 2080 Tulli
424 2040 500 2094 atque
513 2032 628 2093 ignobile
641 2047 747 2094 regnum

55 2132 85 2171 10
100 2123 195 2171 multos
208 2136 287 2184 saepe
298 2122 366 2169 viros
377 2121 456 2169 nullis
469 2121 608 2169 maioribus
623 2129 693 2169 ortos

102 2219 127 2259 et
138 2211 231 2259 vixisse
243 2211 349 2273 probos,
365 2209 457 2272 amplis
470 2218 496 2257 et
508 2210 650 2258 honoribus
663 2216 766 2257 auctos:

100 2308 191 2347 contra
203 2299 353 2359 Laevinum,
368 2298 456 2346 Valeri
468 2313 559 2361 genus,
575 2299 643 2345 unde
657 2296 788 2360 Superbus

100 2388 254 2450 Tarquinius
267 2403 348 2450 regno
361 2388 452 2451 pulsus
463 2387 536 2449 fugit,
552 2388 627 2435 unius
641 2387 705 2434 assis

100 2491 156 2525 non
168 2491 289 2538 umquam
306 2477 390 2539 pretio
403 2477 486 2540 pluris
497 2477 607 2532 licuisse,
623 2483 730 2523 notante

55 2573 85 2614 15
99 2565 184 2613 iudice
199 2581 249 2627 quo
262 2567 332 2614 nosti
345 2566 452 2628 populo,
469 2565 512 2628 qui
530 2566 621 2613 stultns
634 2564 746 2612 honores

100 2666 178 2715 saepe
191 2653 235 2701 dat
246 2654 358 2715 indignis
372 2661 397 2703 et
408 2654 494 2703 famae
507 2655 583 2703 seuit
592 2654 704 2716 ineptus,

142 2754 237 2789 Horatius.
254 2755 284 2790 ed.
295 2756 316 2790 ΙΙ.
644 2767 673 2808 14
