1917 3117
411 208 509 246 LIBER.

87 367 191 415 reducet
202 367 229 414 in
243 367 329 415 sedem
341 367 404 415 vice.
432 379 501 413 nunc
514 374 539 413 et
550 364 726 413 Achaemenio

87 455 207 519 perfundi
219 456 301 503 nardo
313 456 383 503 iuvat
396 462 421 504 et
433 456 483 503 lide
497 453 621 515 Cyllenea

35 552 67 594 10
87 544 173 592 levare
186 543 246 594 diris
259 551 365 606 pectora
377 543 600 602 sollicitudinibus,

88 633 181 681 nobilis
194 640 222 680 ut
234 633 324 695 grandi
338 632 429 682 cecinit
442 631 585 681 Centaurus
598 631 717 679 alumno:

86 719 188 770 ‘invicte
200 722 314 771 mortalis
328 722 377 770 dea
388 728 447 770 nate
459 735 524 784 puer
536 720 654 779 Thetide,

87 818 114 858 te
125 818 213 859 manet
224 810 346 859 Assaraci
357 810 443 869 tellus,
459 825 537 873 quam
550 809 644 871 frigida
655 808 721 857 tardi

88 899 189 947 findunt
201 897 352 948 Scamandri
364 899 477 958 flumina,
493 899 605 947 lubricus
619 906 644 946 et
657 896 768 957 Simois;

34 998 66 1038 15
91 988 161 1036 unde
173 988 219 1037 tibi
230 989 338 1037 reditum
351 996 419 1037 certo
432 989 576 1038 subtemine
588 1001 682 1051 parcae

87 1092 188 1140 rupere,
202 1092 251 1126 nec
263 1086 344 1126 mater
357 1076 461 1125 domum
474 1077 577 1125 caerula
589 1085 614 1125 to
626 1077 736 1125 revehet.

86 1166 140 1215 illic
153 1181 229 1215 omne
241 1167 338 1215 malum
349 1165 408 1213 vino
427 1174 554 1228 cantuque
567 1166 661 1224 levato,

88 1254 211 1305 deformis
222 1254 395 1318 aegrimoniae
412 1254 528 1304 dulcibus
542 1253 678 1317 adloquiis.

380 1459 540 1466 ...α-

417 1698 504 1747 XIIII.

89 1877 178 1926 Mollis
189 1876 282 1925 inertia
295 1891 339 1924 cur
351 1883 449 1925 tantam
461 1877 590 1927 diffuderit
601 1879 659 1927 imis

90 1966 246 2014 oblivionem
258 1965 384 2026 sensibus,
572 1959 575 1964 ’

90 2055 184 2118 pocula
195 2053 324 2102 Lethaeos
336 2062 365 2102 ut
377 2055 398 2102 si
411 2054 531 2103 ducentia
543 2069 647 2103 somnos

91 2152 179 2191 arente
192 2143 266 2192 fauce
278 2145 409 2203 traxerim,

55 2242 69 2281 t
91 2232 200 2280 candide
212 2233 358 2292 Maecenas,
374 2233 469 2281 occidis
483 2247 560 2297 saepe
573 2234 707 2296 rogando:

92 2320 154 2369 deus
168 2321 230 2369 deus
242 2336 303 2371 nam
314 2337 355 2372 me
368 2330 436 2371 vetat

90 2411 216 2473 inceptos,
232 2410 294 2458 olim
306 2411 458 2476 promissum
471 2426 583 2470 carmen,
597 2412 697 2460 iambos

92 2499 124 2547 ad
138 2498 286 2547 umbilicum
297 2499 433 2548 adducere.

48 2580 57 2601 '
94 2603 146 2636 non
159 2587 233 2636 aliter
245 2586 333 2637 Samio
347 2589 434 2636 dicunt
447 2589 541 2638 arsisse
558 2589 680 2651 Bathyllo

40 2685 72 2728 10
92 2677 258 2726 Anacreonta
269 2677 369 2737 Teium,
