1917 3117
383 207 472 245 LIBER
489 208 547 247 1111.

91 362 241 426 Carthagini
253 362 305 411 iarn
317 378 370 413 non
384 378 433 427 ego
447 366 549 414 nuntios

38 461 68 501 to
89 454 188 501 mittam
202 452 339 517 superbos:
361 454 464 513 occidit,
479 454 575 502 occidit

90 556 149 604 spes
164 542 246 590 omnis
260 549 285 589 et
297 542 402 590 fortuna
414 543 496 591 nostri

89 631 201 678 nominis
214 631 376 679 Hasdrubale
388 630 551 695 interemptu.

89 774 126 822 nil
140 771 262 822 Claudiae
275 789 327 821 non
342 774 475 836 perficiunt
488 789 588 834 manus,

89 876 152 925 quas
166 871 191 911 et
203 863 315 925 benigno
330 864 434 912 nurnine
446 864 561 926 Iuppiter

35 961 66 1001 75
89 951 204 1000 defendit
215 959 240 1001 et
253 967 329 1001 curae
342 967 448 1015 sagaces

89 1041 229 1104 expediunt
242 1056 287 1105 per
301 1049 376 1090 acuta
388 1041 471 1091 belli.’

445 1434 478 1481 V.

88 1591 160 1640 Divis
173 1601 228 1643 orte
240 1594 322 1652 bonis,
337 1593 432 1656 optime
444 1592 571 1643 Romulae

88 1690 174 1731 custos
188 1684 280 1746 gentis,
296 1683 358 1731 abes
370 1683 422 1730 iam
435 1682 541 1731 nimium
555 1677 630 1732 diuz*

86 1779 213 1821 maturum
225 1773 334 1821 reditum
346 1772 477 1835 pollicitus
491 1781 592 1835 patrum

87 1868 179 1909 sancto
192 1862 312 1921 concilio,
329 1862 394 1910 redi.

52 2012 65 2050 5
88 2003 171 2052 lucem
183 2003 262 2053 redde
275 2012 344 2064 tuas,
361 2005 413 2052 dux
425 2006 503 2062 bone,
519 2003 631 2066 patriae:

86 2092 166 2140 instar
178 2094 243 2141 veris
256 2095 323 2142 cuim
340 2094 423 2143 voltus
436 2094 480 2141 nbi
493 2101 550 2141 tuns

86 2181 192 2229 adfulsit
203 2183 310 2246 populo,
325 2183 422 2245 gratior
433 2182 453 2230 it
466 2182 521 2229 dies

86 2278 112 2317 et
124 2271 192 2319 soles
205 2272 295 2320 melius
308 2272 399 2320 nitent.

84 2421 113 2461 ut
125 2420 208 2462 mater
219 2414 344 2474 iuvenem,
361 2429 436 2477 quern
449 2422 531 2475 notus,
540 2413 627 2461 invido

29 2511 62 2551 10
85 2501 147 2551 flatu
160 2500 291 2566 Carpathii
303 2510 375 2551 trans
388 2504 464 2551 maris
477 2517 592 2565 aequora

84 2598 248 2640 cunctantem
261 2591 344 2654 spatio
358 2590 461 2654 longius
474 2606 562 2639 annuo

85 2680 153 2729 dulei
168 2680 271 2730 distinet
283 2695 299 2728 a
312 2681 398 2740 domo,
