1917 3117
122 189 175 239 112
415 191 577 231 craumers

123 351 169 399 dos
184 359 222 399 est
233 364 329 413 magna
341 352 486 414 parentium

121 440 198 489 virtus
212 447 236 489 et
247 448 363 488 metuens
376 440 479 489 alterius
493 440 539 488 viri

123 538 192 579 certo
205 529 310 578 foedere
322 530 434 588 castitas,

124 627 149 668 et
161 634 267 683 peecare
279 618 353 666 nefas
367 625 411 667 aut
423 618 533 681 pretium
547 626 586 667 est
598 617 672 666 mori.

71 771 102 811 25
124 777 139 810 0
153 761 266 825 quisquis
279 761 349 809 volet
361 760 444 823 inpias

123 852 208 900 caedis
222 858 247 899 et
258 851 355 899 rabiem
366 849 458 898 tollere
469 849 584 909 civicam,

124 940 145 988 si
158 946 263 1003 quaeret
276 947 349 1003 pater
360 939 462 987 urbium

123 1029 248 1079 subscribi
260 1030 357 1089 statuis,
371 1028 525 1077 indomitam
536 1027 629 1076 audeat

122 1173 252 1222 refrenare
264 1172 401 1226 licentiam,

72 1272 103 1312 30
124 1264 208 1311 clarus
221 1261 390 1325 postgenitis3
412 1268 547 1323 quatenus,
562 1260 612 1309 heu
624 1258 707 1320 nefas,

123 1353 240 1400 virtutem
252 1351 407 1399 incolumem
420 1351 530 1408 odimus,

124 1441 251 1491 sublatam
263 1453 297 1488 ex
309 1440 389 1488 oculis
403 1440 549 1503 quaerimus
560 1438 648 1487 invidi.

124 1583 185 1647 quid
197 1583 280 1631 tristes
294 1582 478 1645 querimoniae,

75 1713 88 1740 0
124 1673 145 1720 si
158 1687 212 1720 non
225 1671 350 1735 supplicio
364 1673 441 1735 culpa
452 1671 581 1732 reciditur,

72 1771 102 1812 35
124 1762 184 1825 quid
198 1762 268 1824 leges
282 1761 339 1809 sine
354 1762 468 1809 moribus

19 1836 21 1842 ยน
123 1866 204 1900 vanae
217 1851 363 1915 proficiunt,
378 1850 400 1899 si
412 1865 497 1913 neque
509 1850 613 1899 fervidis

123 2008 182 2058 pars
195 1993 293 2042 inclusa
305 1993 433 2043 caloribus

123 2084 211 2131 mundi
224 2098 273 2132 nee
285 2085 379 2132 boreae
391 2083 526 2131 finitimum
538 2084 606 2132 latus

124 2174 280 2235 durataeque
292 2173 349 2221 solo
363 2173 432 2221 nives

71 2271 102 2311 40
123 2272 289 2312 mercatorem
301 2261 416 2325 abigunt,
432 2262 538 2311 horrida
555 2262 642 2311 callidi

123 2406 227 2453 vineunt
240 2419 352 2468 aequora
363 2405 474 2465 navitae,

123 2508 245 2556 maguum
257 2494 391 2558 pauperies
405 2495 572 2558 opprobrium
584 2496 654 2545 iubet

125 2582 223 2646 quidvis
237 2590 263 2630 et
275 2582 360 2632 facere
373 2592 399 2632 et
410 2584 471 2647 pati,

124 2673 273 2735 virtutisque
286 2674 352 2721 viam
365 2673 459 2722 deserit
471 2673 583 2722 arduae?
