1917 3117
134 142 186 192 33⁶
431 145 471 182 nn
485 144 563 182 arun

72 312 119 353 155
133 303 237 360 sessuri,
252 302 335 350 donec
349 311 440 350 cantor
450 301 505 349 ‘vos
518 300 642 364 plaudite¹
654 301 731 359 dicet,

133 393 223 440 aetatis
237 391 359 453 cuiusque
370 389 479 438 notandi
489 397 549 436 sunt
560 389 606 437 tibi
617 403 711 448 mores,

133 481 324 542 mobilibusque
337 479 424 539 decor,
438 478 545 526 maturis
559 478 661 525 dandus
674 486 699 526 et
711 478 795 526 annis.

133 570 240 617 reddere
254 570 298 631 qui
311 582 387 616 voces
400 568 451 615 iam
464 567 512 614 scit
523 581 587 629 puer
600 575 626 615 et
638 567 704 630 pede
715 576 793 615 certo.

134 659 220 721 signat
231 658 343 715 humum,
359 656 436 717 gestit
447 655 553 717 paribus
566 654 698 703 colludere
709 663 736 704 et
746 656 812 704 iram

71 754 119 796 110
134 746 235 808 colligit
247 759 278 792 ac
290 744 365 807 ponit
377 752 472 792 temere
484 750 510 791 et
522 751 635 790 mutatur
647 743 675 791 in
689 743 777 792 horas.

132 835 254 883 inberbns
267 834 374 893 iuvenis,
389 832 495 880 tandem
508 831 615 879 custode
626 840 735 891 remoto,

134 924 229 985 gaudet
242 922 314 984 equis
328 921 486 983 canibusque
499 929 524 968 11
536 920 616 983 aprici
629 919 746 982 gramine
761 923 856 986 campi,

135 1026 223 1060 cereus
236 1011 263 1059 in
277 1010 364 1059 vitium
377 1008 453 1069 flecti,
468 1009 638 1056 monitoribus
651 1022 735 1071 asper,

134 1101 234 1149 utilium
245 1100 333 1148 tardus
346 1097 472 1162 provisor,
488 1096 610 1160 prodigus
624 1097 699 1155 aeris,

72 1198 119 1239 165
134 1189 250 1237 sublimis
263 1188 421 1250 cupidusque
434 1194 460 1234 11
472 1194 559 1234 amata
570 1186 715 1248 relinquere
727 1187 829 1248 pernix.

135 1278 264 1327 conversis
277 1276 368 1324 studiis
381 1283 450 1323 actas
463 1275 617 1336 animusque
628 1274 707 1321 virilis

134 1367 234 1430 quaerit
246 1379 309 1428 opes
323 1371 349 1412 el
361 1364 494 1421 amicitias,
508 1362 615 1412 inservit
627 1362 730 1420 honori,

136 1454 294 1504 commisisse
307 1461 380 1501 cavet
392 1452 461 1514 quod
474 1442 536 1499 mox
545 1460 644 1499 mutare
657 1451 766 1499 laboret.

134 1542 216 1590 multa
228 1555 316 1589 senem
328 1540 528 1589 circumveniunt
539 1540 712 1599 incommoda,
729 1540 768 1588 vel
782 1541 850 1603 qnod
929 1558 930 1575 1

73 1639 120 1681 111
136 1630 236 1693 quaerit
248 1639 273 1679 et
285 1628 394 1677 inventis
406 1629 485 1677 miser
497 1628 608 1676 abstinet
621 1643 652 1675 ae
664 1627 736 1676 timet
748 1629 793 1686 uti,

134 1719 174 1767 vel
188 1718 258 1781 quod
271 1733 312 1766 res
326 1718 409 1765 omnis
422 1717 510 1766 timide
523 1717 659 1779 gelideque
671 1717 806 1776 ministrat,

136 1807 238 1866 dilator,
254 1821 299 1869 spe
312 1807 414 1868 longus,
429 1806 509 1866 iners,
524 1806 664 1867 avidusque
677 1805 764 1865 futuri,

136 1895 255 1954 difficilis,
272 1895 401 1958 querulus,
416 1896 537 1944 laudator
549 1895 671 1959 temporis
685 1894 734 1944 acti

135 1999 163 2033 se
176 1998 266 2046 puero,
282 1984 422 2045 castigator
435 1998 578 2047 censorque
591 1984 728 2032 minorum.

73 2081 101 2121 17
108 2081 120 2121 5
135 2072 386 2121 111111111111111111111
399 2073 531 2121 venientes
544 2074 680 2122 commoda
692 2087 787 2130 secum,

135 2161 215 2208 multa
228 2160 377 2209 recedentes
389 2161 519 2209 adimunt:
535 2177 568 2210 ne
582 2161 647 2211 forte
660 2161 755 2210 seniles

135 2250 290 2297 mandentur
300 2250 385 2297 iuveni
398 2257 485 2312 partes
500 2265 632 2314 pueroque
644 2250 739 2299 viriles.

136 2351 236 2400 semper
247 2337 275 2385 in
288 2337 414 2386 adiunctis
427 2352 543 2401 aevoque
554 2339 712 2388 morabimur
723 2338 799 2403 aptis.

136 2433 179 2473 aul
191 2426 274 2487 egitur
286 2440 327 2473 res
339 2427 367 2473 in
380 2427 480 2475 scaenis
493 2435 537 2475 aut
549 2436 606 2476 acta
617 2428 735 2477 refertur.

75 2520 121 2561 180
136 2514 239 2575 segnius
252 2513 360 2561 inritant
372 2515 472 2563 animos
487 2516 597 2564 demissa
609 2531 655 2580 per
667 2532 755 2566 aurern

136 2615 213 2662 quam
226 2616 293 2663 quae
305 2610 366 2650 sunt
378 2604 460 2651 oculis
473 2606 587 2653 subiecta
600 2606 718 2654 fidelibus
732 2615 758 2654 et
770 2620 838 2668 quae

927 1626 930 1661 l

927 1663 930 1763 l
