1917 3117
390 193 526 232 POETIGA·
768 190 820 240 333

97 367 149 414 quo
163 351 239 398 scribi
252 358 358 412 possent
370 365 486 409 numero,
501 350 653 398 monstrarit
664 349 800 398 Homerus.

50 450 62 488 7
69 451 81 489 5
96 441 210 487 versibus
223 439 346 502 inpariter
357 438 449 486 iunctis
463 439 624 501 querimonia
636 438 753 500 primum,

96 535 156 591 post
168 529 245 576 etiam
256 528 357 574 inclusa
370 534 409 575 est
420 527 471 575 voti
485 526 613 574 sententia
626 540 742 588 compos.

98 617 154 678 quis
167 623 254 663 tamen
267 615 375 678 exiguos
390 616 477 677 elegos
491 615 603 662 emiserit
615 622 712 674 auctor,

97 704 254 767 grammatici
267 711 374 763 certant,
390 712 416 752 et
428 703 511 751 adhuc
524 704 570 751 sub
583 703 666 750 iudice
679 703 711 750 lis
724 711 772 751 est.

97 792 281 840 Archilochum
293 793 398 855 proprio
411 793 495 840 rabies
509 791 616 838 annavit
628 792 730 846 iambo:

50 889 82 930 80
98 881 165 929 hunc
178 882 248 929 socci
261 895 352 943 cepere
364 882 456 943 pedem
469 882 633 943 grandesque
645 880 772 938 cothurni,

97 970 201 1018 alternis
214 977 301 1032 aptum
314 970 475 1018 sermonibus
491 977 516 1017 et
530 968 662 1031 popularis

96 1056 241 1106 vincentem
254 1057 373 1120 strepitus
387 1066 412 1107 et
423 1066 512 1106 natum
524 1059 600 1106 rebus
613 1056 730 1118 agendis.

22 1159 26 1162 ⁴
96 1161 171 1193 musa
183 1146 252 1193 dedit
264 1145 356 1193 fidibus
368 1146 441 1193 divos
453 1160 599 1208 puerosque
613 1146 719 1193 deorum

96 1242 121 1283 et
132 1234 246 1297 pugilem
259 1234 379 1282 victorem
390 1241 417 1282 et
430 1248 524 1296 equum
537 1235 676 1282 certamine
689 1235 798 1295 primum

51 1330 82 1371 st
96 1330 121 1371 et
133 1323 254 1370 iuvenum
266 1336 339 1370 curas
353 1330 378 1371 et
391 1323 473 1370 libera
485 1323 544 1372 vina
556 1323 660 1370 referre.

98 1411 239 1473 descriptas
252 1426 352 1459 servare
364 1413 430 1459 vices
444 1426 601 1474 operumque
614 1412 715 1460 colores

97 1514 141 1547 cur
154 1515 203 1562 ego
216 1500 238 1548 si
251 1514 351 1562 nequeo
364 1501 509 1562 ignoroque
522 1508 600 1562 poeta
612 1500 728 1549 solutor?

97 1603 142 1636 cur
154 1588 254 1636 nescire
267 1589 366 1650 pudens
380 1603 457 1651 prave
470 1603 548 1651 quam
560 1589 657 1637 discere
670 1590 757 1637 malo?

97 1676 211 1725 versibus
225 1677 320 1738 exponi
332 1677 435 1738 tragicis
448 1691 490 1724 res
504 1677 602 1724 comica
615 1692 669 1725 non
682 1679 749 1726 volt:

49 1773 82 1815 90
96 1765 245 1826 indignatur
257 1764 317 1811 item
330 1765 434 1826 privatis
448 1778 477 1811 ac
491 1779 572 1826 prope
584 1778 662 1813 socco

97 1854 182 1916 dignis
195 1852 351 1900 carminibus
364 1853 462 1898 narrari
475 1865 541 1898 cena
553 1852 690 1912 Thyestae.

96 1941 199 2002 singula
213 1954 330 2003 quaeque
343 1940 428 1987 locum
440 1947 545 1986 teneant
558 1940 648 1988 sortita
661 1942 802 1990 decentem.

94 2030 223 2077 interdum
235 2036 320 2076 tamen
334 2036 359 2076 et
371 2042 461 2075 vocem
474 2028 609 2075 comoedia
621 2029 695 2088 tollit,

96 2118 227 2179 iratusque
241 2115 363 2164 Chremes
376 2117 475 2164 tumido
490 2117 608 2179 delitigat
621 2131 681 2176 ore3

48 2215 80 2256 05
96 2214 121 2255 et
133 2205 244 2268 tragicus
258 2205 407 2268 plerumque
421 2206 492 2253 dolet
503 2219 621 2253 sermone
635 2205 746 2267 pedestri

94 2295 225 2357 Telephus
238 2302 263 2342 et
274 2294 375 2353 Peleus,
391 2309 449 2342 cum
461 2308 560 2357 pauper
572 2301 597 2342 et
611 2294 671 2342 exul
684 2303 793 2357 uterque

95 2382 189 2445 proicit
200 2384 326 2446 ampullas
340 2390 365 2431 et
384 2383 575 2445 sesquipedalia
587 2384 673 2442 verba,

95 2470 118 2519 si
130 2478 201 2520 curat
213 2486 258 2520 cor
269 2472 409 2534 spectantis
421 2472 535 2534 tetigisse
551 2470 673 2533 querella.

95 2574 149 2607 non
161 2560 222 2607 satis
236 2568 275 2608 est
287 2561 394 2624 pulchra
406 2574 463 2608 esse
475 2567 609 2623 poemata:
625 2560 710 2608 dulcia
722 2569 798 2609 sunto

32 2655 80 2696 100
97 2654 123 2696 et
135 2662 297 2712 quocumque
310 2650 398 2698 volent
410 2649 524 2697 animum
537 2649 660 2698 auditoris
673 2657 779 2713 agunto.
