1917 3117
125 178 178 229 344
402 177 406 183 '
423 183 463 220 nn
477 183 555 220 seru

60 346 111 386 eto
126 351 261 386 causarum
272 339 408 386 mediocris
421 339 495 387 abest
506 340 599 388 virtum
612 339 700 388 diserti

124 425 271 485 Messallae,
287 440 335 475 nec
347 427 395 475 scit
408 434 532 490 quantum
545 426 687 476 Cascellius
699 428 792 488 Aulus,

124 514 169 563 sed
182 520 268 562 tamen
280 514 308 562 in
320 515 403 578 pretio
416 523 469 563 est:
491 516 662 564 mediocribus
675 530 732 565 esse
745 517 828 579 poetis

123 615 176 649 non
190 601 316 661 homines,
333 616 387 650 non
401 603 434 661 di,
450 618 505 651 non
518 618 671 652 concessere
684 605 831 653 columnae.

124 697 152 739 ut
164 696 250 753 gratas
262 690 330 739 inter
340 705 442 738 mensas
456 692 610 755 symphonia
623 692 721 741 discors

60 783 110 825 att
126 785 151 827 et
162 792 276 827 crassum
286 787 445 841 unguentum
457 779 573 828 etSardo
586 795 643 828 curn
655 781 732 829 melle
740 796 855 844 papaver

124 866 265 926 offendunt,
281 875 382 930 poterat
395 868 453 915 duci
466 869 527 931 quia
540 883 605 917 cena
617 870 673 917 siue
691 869 755 929 istis,

124 953 160 1002 sic
173 954 265 1003 animis
278 962 366 1004 natum
379 955 562 1019 inventumque
575 971 668 1020 poema
680 957 808 1016 iuvandis,

124 1043 145 1090 si
158 1043 273 1105 paullum
285 1059 385 1092 summo
399 1045 518 1105 decessit,
534 1046 615 1107 vergit
627 1046 660 1092 ad
672 1045 760 1093 imum.

123 1131 213 1179 ludere
225 1131 269 1193 qui
281 1132 370 1193 nescit,
387 1134 571 1196 campestribus
585 1133 696 1181 abstinet
707 1134 795 1193 arnna

60 1226 110 1268 38⁰
123 1219 293 1282 indoctusque
305 1221 373 1285 pilae
386 1221 480 1269 discive
492 1221 606 1269 trochive
618 1221 736 1284 quiescit,

123 1322 156 1356 ne
169 1309 268 1371 spissae
279 1310 360 1357 risum
372 1309 467 1358 tollant
478 1309 576 1372 inpune
590 1324 718 1359 coronae:

124 1397 168 1459 qui
180 1397 263 1445 nescit
274 1412 369 1458 versus,
384 1405 472 1446 tamen
485 1396 563 1445 audet
575 1397 681 1460 fingere.
709 1397 817 1460 quidni?

124 1484 226 1534 liberet
238 1484 375 1547 ingenuus,
390 1487 541 1549 pracsertim
553 1500 646 1534 census
660 1494 805 1549 equestrem

123 1587 248 1620 summam
260 1586 430 1633 nummorum,
446 1574 558 1636 vitioque
570 1582 683 1623 remotus
696 1576 729 1623 ab
743 1576 826 1624 omni.

59 1667 109 1710 385
123 1668 151 1708 tu
164 1660 227 1708 nihil
241 1660 321 1709 invita
333 1662 401 1711 dices
414 1663 524 1711 faciesve
536 1662 665 1710 Minerva:

123 1749 149 1797 id
162 1749 208 1798 tibi
219 1749 340 1798 iudicium
352 1758 399 1809 est,
414 1764 445 1798 ea
457 1764 541 1799 mens.
569 1750 653 1813 siquid
665 1759 752 1800 tamen
765 1753 832 1801 olim

123 1838 265 1901 scripseris,
280 1838 308 1886 in
320 1838 404 1887 Maeci
418 1840 557 1888 descendat
569 1839 662 1889 iudicis
674 1839 742 1888 aur-is

123 1935 148 1976 et
158 1927 238 1990 patris
251 1935 277 1975 et
288 1935 398 1986 nostras,
412 1941 562 1990 nonumque
569 1937 698 1990 prematur
708 1929 736 1976 in
743 1943 855 1990 anuum,

121 2016 277 2064 membranis
290 2016 358 2064 intus
370 2016 476 2078 positis:
500 2017 586 2066 delere
598 2017 686 2066 licebit

59 2110 107 2153 39⁰
123 2104 192 2167 quod
205 2118 259 2152 non
273 2103 396 2163 edideris,
419 2105 502 2152 nescit
513 2120 564 2152 vox
575 2105 654 2152 missa
670 2106 771 2154 reverti.

122 2193 244 2241 silvestris
257 2192 375 2240 homines
388 2206 461 2240 sacer
473 2192 654 2256 interpresque
667 2194 774 2242 deorum

122 2281 243 2330 caedibus
257 2289 281 2330 et
293 2280 360 2329 victu
373 2280 450 2329 foedo
464 2280 588 2330 deterruit
601 2280 731 2345 Orpheus,

123 2370 204 2418 dictus
217 2370 249 2418 ob
264 2371 314 2418 hoc
326 2369 407 2418 lenire
419 2370 492 2433 tigris
506 2371 662 2433 rabidosque
676 2371 776 2420 leones.

124 2455 204 2502 dictus
217 2463 243 2504 et
254 2456 395 2520 Amphion,
410 2458 551 2506 Thebanae
564 2459 685 2507 conditor
696 2459 771 2517 ereis,

59 2548 107 2589 395
122 2556 185 2589 saxa
196 2556 298 2592 movere
311 2558 377 2592 sono
390 2545 525 2594 testudinis
538 2554 564 2595 et
575 2560 653 2610 prece
665 2547 762 2595 blanda

124 2628 216 2677 ducere
229 2644 281 2691 quo
293 2631 380 2680 vellet.
408 2632 456 2681 fuit
468 2634 533 2682 haee
545 2634 673 2697 supientia
685 2634 831 2696 quondam,
