1917 3117
132 182 185 231 210
407 184 583 223 summum

133 342 176 404 qui
190 349 274 404 stupet
285 341 312 388 in
326 341 405 389 titulis
419 352 444 389 et
454 340 618 402 imaginibus.
646 340 707 402 quid
721 349 825 403 oportet

133 444 182 477 uos
195 430 282 477 iuuene
293 444 310 477 a
322 429 400 491 volgo
413 430 493 491 louge
505 430 637 490 longeque
649 429 780 477 remotos?

134 532 246 580 namque
258 525 322 576 esto,
338 517 448 579 populus
462 517 578 564 Laevino
589 518 681 565 mallet
691 517 820 566 houotem

88 614 120 653 20
134 620 212 668 quam
223 605 307 653 Decio
319 605 441 653 mandam
454 620 531 664 novo,
546 620 690 669 censorque
702 614 817 653 moveret

133 695 243 757 Appius,
258 695 372 756 ingenuo
385 694 406 741 si
415 709 473 741 non
486 708 569 742 essem
586 702 760 755 patronatus:

133 783 173 830 vel
185 783 284 841 merito,
294 782 419 844 quoniam
429 782 457 829 in
464 782 568 844 propiis
575 796 629 829 nou
636 783 704 844 pelle
717 783 854 845 quiessem.

134 871 179 918 aad
192 871 307 933 fulgente
319 871 396 919 trahit
409 871 561 919 constrictos
575 870 658 932 gloria
671 885 746 918 curru

134 974 187 1007 uon
200 958 283 1006 miuus
297 959 401 1021 ignotos
415 958 556 1021 generosis.
584 973 635 1020 quo
649 958 703 1016 tibi,
719 958 790 1016 Tilli,

88 1055 119 1095 25
133 1061 233 1095 sumere
247 1048 391 1109 depositum
405 1048 504 1094 olavum
518 1046 623 1107 fierique
636 1046 757 1094 tribuno?

133 1136 230 1184 invidia
242 1136 361 1195 adcrevit,
376 1136 474 1197 privato
488 1149 554 1197 quae
566 1135 651 1183 minor
664 1144 740 1183 esset.

133 1239 194 1273 nam
207 1232 235 1272 ut
246 1225 355 1287 quisque
361 1225 467 1272 insanus
475 1223 555 1285 nigris
563 1223 676 1270 medium
681 1223 789 1286 inpediit
799 1238 856 1271 crus

134 1314 244 1375 pellibus
259 1320 284 1361 et
295 1313 376 1361 latum
389 1312 492 1360 demisit
503 1320 611 1374 pectore
622 1313 730 1371 clavum,

135 1402 204 1449 audit
210 1403 334 1450 contiuuo
346 1402 411 1463 ‘quis
424 1401 504 1448 homo
518 1400 560 1449 hie
572 1408 616 1448 aut
622 1416 674 1463 quo
688 1400 865 1463 patronatus?²

89 1496 119 1537 30
133 1498 161 1538 ut
174 1490 240 1551 siqui
253 1496 368 1551 aegrotet
380 1504 433 1551 quo
445 1489 537 1536 morbo
555 1489 659 1547 Barrus,
674 1488 764 1536 haberi

134 1585 163 1625 ut
175 1579 261 1640 cupiat
272 1577 410 1636 formosus,
426 1585 467 1625 eat
480 1591 649 1638 quacumque,
665 1577 757 1638 puellis

133 1665 222 1713 iniciat
234 1681 320 1713 euram
333 1665 471 1728 quaerendi
490 1666 601 1727 singula,
616 1665 687 1726 quali

135 1755 168 1802 sit
180 1754 255 1813 faeie,
271 1770 338 1814 sura,
355 1755 424 1817 quali
437 1755 511 1816 pede,
528 1755 615 1812 dente,
631 1753 742 1816 capillo;

134 1844 171 1891 sic
184 1843 227 1906 qui
240 1843 371 1905 promittit,
388 1843 457 1902 civis,
473 1844 563 1891 urbem
576 1843 625 1890 sibi
638 1856 723 1900 curae,

89 1939 120 1980 ss
134 1931 266 1995 imperium
279 1932 334 1980 iore
348 1930 495 1990 athaliam,
511 1931 615 1979 delubra
628 1931 743 1988 deorum,

136 2035 186 2083 quo
200 2028 271 2083 patra
282 2020 318 2067 sit
330 2027 414 2079 natus,
425 2033 487 2066 num
499 2020 589 2080 ignota
601 2026 682 2066 matre
693 2019 856 2077 inhonestus,

135 2109 217 2156 omnis
230 2108 345 2156 mortalis
359 2122 447 2155 eurars
460 2114 486 2155 et
499 2121 622 2169 quaerere
634 2108 713 2169 cogit.

133 2196 211 2266 tune,
226 2195 294 2257 Syri,
308 2195 416 2254 Damae,
432 2203 475 2243 aut
488 2195 599 2255 Dionysi
612 2196 688 2254 filius,
704 2196 782 2243 audes

135 2284 234 2332 deicere
246 2298 260 2331 e
273 2298 337 2332 saxo
351 2284 410 2332 eivis
424 2291 468 2331 aut
480 2273 586 2332 ¹tradere
598 2283 715 2333 Cadmo?

87 2381 118 2421 40
134 2380 160 2420 at
170 2371 267 2420 Novius
280 2373 381 2435 collega
393 2372 475 2435 gradu
488 2380 548 2434 post
558 2388 600 2421 me
612 2373 684 2421 sedet
694 2386 761 2420 uuo:

133 2475 245 2523 namque
263 2468 303 2509 est
314 2461 374 2520 ille,
390 2469 462 2523 peter
474 2462 543 2523 quod
558 2470 612 2510 erat
623 2461 716 2510 meus?
739 2461 797 2509 ‘hoc
809 2461 858 2508 tibi

495 2550 602 2598 Paullus

135 2644 160 2683 et
171 2636 295 2684 Messalla
307 2636 419 2685 videris?
438 2646 464 2685 at
476 2638 527 2697 hic,
543 2639 564 2685 si
577 2638 676 2701 plostra
689 2638 799 2685 ducenta
