1917 3117
399 170 574 209 smmum

443 487 528 535 VIIII.

122 679 196 727 Ibam
207 679 274 729 forte
287 681 422 741 virescere,
439 681 504 729 sicut
516 695 587 728 meus
600 689 640 729 est
652 695 716 739 mos,

123 769 211 816 neseio
225 769 286 830 quid
300 770 427 817 meditans
441 784 577 831 nugarum,
591 777 661 817 totus
674 768 774 816 inillis.

122 857 231 905 accurrit
243 858 347 919 qnidam
359 866 437 906 notus
449 858 511 905 mibi
522 858 627 905 nemine
644 864 767 914 tantum„

122 953 276 1008 arreptaque
287 960 365 994 manu
377 946 446 1008 ‘quid
461 946 525 1008 egis,
541 945 686 993 dulcissime
699 943 808 992 rerumi'

93 1043 108 1081 5
122 1034 250 1094 ‘suaviter‚
265 1041 293 1081 ut
305 1049 375 1082 nune
390 1035 437 1083 est'
448 1035 563 1097 inquam,
578 1034 613 1082 ‘et
624 1033 700 1096 cupio
714 1032 801 1080 omnia
813 1047 883 1093 quae

484 1124 542 1171 vis?

124 1225 181 1259 cnm
193 1212 375 1271 adsentiamini,
389 1210 460 1258 ‘num
474 1212 534 1273 quid
548 1211 611 1258 ris?¹
623 1224 732 1272 occupo.
760 1209 844 1257 atille

122 1299 201 1348 ‘neria
215 1301 272 1347 nos‘
284 1299 383 1361 inquit;
404 1300 482 1347 ‘docti
496 1300 603 1347 sumus?
626 1298 669 1345 hic
681 1312 730 1359 ego
743 1297 831 1360 ‘pluris

124 1387 182 1435 hoe'
193 1387 300 1450 inquam
311 1387 382 1435 ‘mihi
394 1388 465 1435 cria.³
490 1388 581 1435 misere
594 1386 723 1434 discedere
741 1400 880 1448 quaerens,

123 1475 160 1523 ire
173 1476 252 1523 modo
266 1476 346 1535 ocius,
361 1476 491 1523 interdum
503 1476 652 1533 consistere,
667 1474 694 1521 in
707 1489 796 1522 aurem

77 1570 109 1611 1ο
124 1564 208 1612 dicere
220 1565 308 1612 nescio
322 1564 382 1626 qnid
395 1578 485 1626 puero,
501 1579 558 1611 eum
571 1564 651 1611 sudor
662 1562 694 1609 ad
712 1562 778 1609 imos

123 1658 240 1699 manaret
252 1652 328 1699 talos.
355 1653 380 1699 ‘o
393 1659 427 1711 te,
442 1652 553 1710 Bolano,
569 1651 666 1699 cerebri

124 1738 234 1787 felicem’
246 1740 346 1788 aiebam
357 1741 458 1799 tacitus,
473 1754 532 1788 cum
550 1739 675 1802 quidlibet
687 1739 731 1787 ille

125 1828 240 1890 garriret,
257 1829 335 1887 vicos,
351 1829 441 1875 urbem
453 1829 579 1877 laudaret.
606 1835 634 1875 ut
645 1828 684 1875 iiii

125 1916 162 1964 nil
175 1916 373 1979 respondebam,
388 1916 488 1965 ‘misere
501 1916 582 1979 cupis'
593 1916 677 1978 inquit
687 1916 781 1972 ‘abirez

78 2012 110 2051 15
123 2004 264 2053 iandudum
275 2005 363 2053 video:
386 2004 431 2052 sed
445 2006 482 2053 nil
494 2006 565 2067 agis3
586 2018 668 2066 usque
680 2005 789 2063 teneb03

124 2107 267 2155 prosequar
275 2093 337 2141 hinc
349 2107 400 2155 quo
411 2108 480 2142 nunc
490 2094 540 2142 iter
550 2100 589 2140 cst
600 2092 668 2141 tibi.’
685 2092 731 2139 ‘nil
739 2106 803 2154 opus
811 2101 883 2141 cette

125 2182 279 2243 circumagi:
302 2183 431 2244 quendam
443 2182 503 2229 volo
516 2181 599 2229 visere
610 2193 665 2229 non
677 2180 723 2228 tibi
737 2189 842 2227 notum:

124 2278 194 2318 trans
201 2270 315 2319 Tiberim
325 2271 404 2333 longe
414 2270 491 2318 cubet
501 2271 532 2329 is,
546 2284 627 2332 prope
642 2268 760 2317 Caesaris
771 2268 883 2316 hortos.²

124 2358 169 2406 ‘nil
182 2358 265 2407 habeo
279 2359 348 2420 quod
363 2374 439 2421 agam
457 2367 483 2407 et
494 2372 547 2406 non
561 2372 617 2405 sum
630 2358 718 2420 piger:
739 2372 821 2419 usque
842 2373 883 2406 se·

486 2461 550 2509 quar
561 2446 608 2493 te?

79 2543 109 2583 20
125 2536 230 2583 demitto
244 2535 380 2595 auriculae,
395 2541 423 2584 ut
435 2536 539 2598 iniquae
552 2534 646 2582 mentis
658 2536 763 2593 asellus,

131 2637 188 2671 cum
201 2622 301 2685 gravius
315 2623 391 2671 dorso
404 2623 483 2671 subiit
496 2637 570 2671 onus.
597 2622 688 2686 incipit
699 2622 745 2670 ille
