1917 3117
137 148 189 200 2³⁸
412 152 586 192 sarranium

111 311 113 315 ’
137 308 277 357 ambitione
289 309 357 357 mala
368 317 413 356 aut
425 308 523 371 argenti
536 309 616 371 pallet
627 323 724 366 amore,

137 395 252 458 quisquis
266 397 366 445 luxuria
378 396 473 445 tristive
486 396 668 459 superstitione

92 492 122 532 80
138 491 182 532 aut
193 484 245 533 alio
257 485 350 534 mentis
364 485 454 533 morbo
468 486 548 533 calet:
570 485 620 534 huc
633 486 740 548 propius
752 501 805 543 me,

138 573 197 620 dum
210 574 291 621 doceo
303 573 416 622 insanire
429 574 522 632 omnis,
538 588 583 621 vos
596 574 687 621 ordine
700 574 778 623 adito.

138 661 223 709 danda
236 669 274 709 est
287 661 393 710 ellebori
405 661 486 709 multo
500 676 559 723 pars
571 662 685 710 maxima
697 662 796 710 avaris:

137 750 224 798 nescio
238 765 271 797 an
284 749 434 810 Anticyram
447 749 512 798 ratio
525 748 574 797 illis
589 750 699 799 destinat
712 765 831 800 omnem.

137 837 244 886 heredes
257 836 358 886 Staberi
371 851 497 885 summam
509 836 624 886 incidere
636 838 767 900 sepulcro,

95 933 125 972 85
141 925 166 972 ui
181 926 218 973 sic
231 925 360 985 fecissent,
376 926 549 988 gladiatorum
562 926 623 974 dare
636 935 740 974 centum

137 1015 251 1063 damnati
263 1014 360 1076 populo
373 1013 445 1077 paria
458 1021 534 1076 atque
547 1014 651 1075 epulum
663 1014 768 1063 arbitrio
781 1017 855 1075 Arri,

137 1102 257 1152 frumenti
270 1112 393 1165 quantum
406 1102 476 1152 metit
488 1102 586 1150 Africa.
613 1102 675 1150 ‘sive
688 1117 737 1165 ego
751 1118 842 1166 prave,

137 1206 182 1239 seu
195 1199 262 1240 recte
275 1192 325 1238 hoc
337 1190 414 1249 volui,
429 1205 461 1239 na
479 1191 515 1239 sis
527 1199 631 1251 patruus
644 1190 732 1240 mihiz'
750 1193 831 1240 credo

137 1279 187 1326 hoc
200 1277 302 1327 Staberi
315 1278 467 1342 prudentem
473 1278 586 1330 animum
599 1279 701 1327 vidisse.
723 1280 793 1341 ‘quid
809 1295 877 1344 ergo
918 1341 920 1344 .

91 1374 122 1414 9⁰
137 1367 226 1426 sensit,
242 1383 299 1415 cum
311 1381 436 1415 summam
448 1367 587 1429 patrimoni
599 1367 744 1430 insculpere
757 1382 823 1416 saxo

136 1454 242 1503 heredes
256 1455 360 1504 voluitl’
373 1456 458 1518 quoad
472 1455 541 1513 vixit,
557 1454 664 1504 credidit
675 1456 768 1517 ingens

136 1545 284 1605 pauperiem
296 1545 383 1592 vitium
397 1552 422 1592 et
434 1544 500 1592 cavit
512 1544 574 1591 nihil
588 1544 679 1600 acrius,
694 1552 730 1601 ut,
747 1544 768 1591 ai

136 1630 202 1678 forte
213 1633 298 1680 minus
311 1633 426 1695 locuples
438 1647 491 1680 uno
505 1632 646 1694 quadrante
658 1632 775 1694 perisset,

136 1719 191 1782 ipso
204 1720 329 1769 videretur
341 1720 388 1767 sibi
401 1720 518 1782 nequior.
547 1719 630 1767 omnis
644 1720 712 1768 enirn
725 1733 776 1778 res,

90 1814 121 1855 95
136 1807 222 1867 virtus,
238 1809 315 1868 fama,
332 1809 419 1866 dacus,
435 1808 521 1855 divina
536 1808 699 1869 humanaque
712 1809 828 1871 pulchris

139 1897 230 1945 divitiis
243 1905 348 1961 parent3
371 1912 434 1960 quas
448 1897 491 1958 qui
505 1897 684 1953 construxerit,
698 1896 743 1944 ille

136 1987 220 2034 clarus
234 1988 289 2046 erit,
300 1987 382 2045 fortis,
390 1986 480 2034 iustus.
501 1982 673 2046 ‘sapiensuei’
685 1985 771 2044 etiam,
787 1994 814 2035 et
826 2002 874 2035 rex

136 2082 161 2123 et
174 2074 297 2138 quidquid
311 2076 387 2122 volet.
415 2074 473 2132 hoc,
489 2072 566 2120 veluti
580 2071 672 2119 virtute
685 2079 814 2134 paratum,

137 2164 246 2226 speravit
258 2176 367 2224 magnae
380 2161 449 2210 laudi
461 2161 526 2208 fore.
555 2160 615 2221 quid
629 2160 712 2207 simile
725 2161 767 2208 isti

73 2260 120 2300 loo
136 2250 248 2299 Graecus
261 2250 424 2312 Aristippus?
444 2249 488 2311 qui
502 2262 587 2296 servos
600 2248 716 2310 proicere
729 2263 823 2298 aurum

136 2340 162 2386 in
175 2341 260 2387 media
271 2340 344 2387 iussit
357 2338 447 2399 Libya,
464 2337 523 2399 quia
536 2336 631 2384 tardius
644 2336 711 2383 irent

136 2435 240 2490 propter
252 2441 317 2475 onus
330 2439 432 2487 segnes.
461 2434 515 2472 uter
528 2432 566 2472 est
582 2423 698 2471 insanior
712 2423 823 2473 horum?

135 2514 171 2562 nil
185 2515 238 2576 agit
251 2515 405 2576 exemplum,
421 2514 491 2561 litem
505 2511 572 2573 quod
587 2510 631 2558 lite
648 2512 762 2559 resolvit.

136 2603 213 2664 siquis
228 2611 294 2651 emat
307 2603 424 2660 citharas,
441 2611 538 2663 emptas
553 2607 689 2660 conportet
701 2600 727 2647 iu
740 2615 834 2661 unum,
