<?xml version="1.0" encoding="UTF-8"?>
<!DOCTYPE html PUBLIC "-//W3C//DTD XHTML 1.0 Transitional//EN"
    "http://www.w3.org/TR/xhtml1/DTD/xhtml1-transitional.dtd">
<html xmlns="http://www.w3.org/1999/xhtml" xml:lang="en" lang="en">
 <head>
  <title>
</title>
<meta http-equiv="Content-Type" content="text/html;charset=utf-8" />
  <meta name='ocr-system' content='tesseract 3.04.00' />
  <meta name='ocr-capabilities' content='ocr_page ocr_carea ocr_par ocr_line ocrx_word'/>
</head>
<body>
  <div class='ocr_page' id='page_1' title='image "./opera00haupgoog_0203.png"; bbox 0 0 1917 3117; ppageno 0'>
   <div class='ocr_carea' id='block_1_1' title="bbox 396 202 821 253">
    <p class='ocr_par' dir='ltr' id='par_1_1' title="bbox 396 202 821 253">
     <span class='ocr_line' id='line_1_1' title="bbox 396 202 821 253; baseline -0.002 -11"><span class='ocrx_word' id='word_1_1' title='bbox 396 206 493 243; x_wconf 75' lang='lat' dir='ltr'>ursus.</span> <span class='ocrx_word' id='word_1_2' title='bbox 769 202 821 253; x_wconf 80' lang='lat'>179</span> 
     </span>
    </p>
   </div>
   <div class='ocr_carea' id='block_1_2' title="bbox 24 360 740 2644">
    <p class='ocr_par' dir='ltr' id='par_1_2' title="bbox 78 360 740 691">
     <span class='ocr_line' id='line_1_2' title="bbox 79 360 740 424; baseline 0.002 -14"><span class='ocrx_word' id='word_1_3' title='bbox 79 377 123 410; x_wconf 90' lang='lat' dir='ltr'>nos</span> <span class='ocrx_word' id='word_1_4' title='bbox 135 372 221 411; x_wconf 78' lang='lat' dir='ltr'>menet</span> <span class='ocrx_word' id='word_1_5' title='bbox 235 360 355 410; x_wconf 79' lang='lat' dir='ltr'><strong>Oceanus</strong></span> <span class='ocrx_word' id='word_1_6' title='bbox 369 362 559 424; x_wconf 86' lang='lat' dir='ltr'>circumvagus:</span> <span class='ocrx_word' id='word_1_7' title='bbox 580 378 648 421; x_wconf 82' lang='lat' dir='ltr'>arva,</span> <span class='ocrx_word' id='word_1_8' title='bbox 665 364 740 411; x_wconf 87' lang='lat' dir='ltr'>beata</span> 
     </span>
     <span class='ocr_line' id='line_1_3' title="bbox 79 450 533 514; baseline -0.004 -14"><span class='ocrx_word' id='word_1_9' title='bbox 79 459 188 514; x_wconf 82' lang='lat' dir='ltr'>petamus</span> <span class='ocrx_word' id='word_1_10' title='bbox 203 466 271 509; x_wconf 86' lang='lat' dir='ltr'>crva,</span> <span class='ocrx_word' id='word_1_11' title='bbox 287 451 376 499; x_wconf 89' lang='lat' dir='ltr'>divites</span> <span class='ocrx_word' id='word_1_12' title='bbox 390 459 415 499; x_wconf 91' lang='lat' dir='ltr'>et</span> <span class='ocrx_word' id='word_1_13' title='bbox 426 450 533 510; x_wconf 87' lang='lat' dir='ltr'>insulas,</span> 
     </span>
     <span class='ocr_line' id='line_1_4' title="bbox 78 539 701 602; baseline 0.002 -15"><span class='ocrx_word' id='word_1_14' title='bbox 78 539 159 588; x_wconf 84' lang='lat' dir='ltr'>reddit</span> <span class='ocrx_word' id='word_1_15' title='bbox 170 540 212 587; x_wconf 92' lang='lat' dir='ltr'>ubi</span> <span class='ocrx_word' id='word_1_16' title='bbox 227 539 348 589; x_wconf 78' lang='lat' dir='ltr'><strong>Cererem</strong></span> <span class='ocrx_word' id='word_1_17' title='bbox 361 540 436 588; x_wconf 90' lang='lat' dir='ltr'>tellus</span> <span class='ocrx_word' id='word_1_18' title='bbox 450 540 550 587; x_wconf 88' lang='lat' dir='ltr'>inarata</span> <span class='ocrx_word' id='word_1_19' title='bbox 563 541 701 602; x_wconf 78' lang='lat' dir='ltr'>quotannis</span> 
     </span>
     <span class='ocr_line' id='line_1_5' title="bbox 79 628 503 691; baseline -0.002 -16"><span class='ocrx_word' id='word_1_20' title='bbox 79 635 103 676; x_wconf 85' lang='lat' dir='ltr'>ot</span> <span class='ocrx_word' id='word_1_21' title='bbox 114 628 228 691; x_wconf 86' lang='lat' dir='ltr'>inputata</span> <span class='ocrx_word' id='word_1_22' title='bbox 240 629 314 678; x_wconf 92' lang='lat' dir='ltr'>floret</span> <span class='ocrx_word' id='word_1_23' title='bbox 326 642 407 690; x_wconf 90' lang='lat' dir='ltr'>usque</span> <span class='ocrx_word' id='word_1_24' title='bbox 419 628 503 687; x_wconf 90' lang='lat' dir='ltr'>vinea,</span> 
     </span>
    </p>

    <p class='ocr_par' dir='ltr' id='par_1_3' title="bbox 27 715 727 1134">
     <span class='ocr_line' id='line_1_6' title="bbox 27 715 727 780; baseline -0.001 -14"><span class='ocrx_word' id='word_1_25' title='bbox 27 728 58 766; x_wconf 75' lang='lat' dir='ltr'>rs</span> <span class='ocrx_word' id='word_1_26' title='bbox 79 717 202 780; x_wconf 81' lang='lat' dir='ltr'>germinat</span> <span class='ocrx_word' id='word_1_27' title='bbox 214 725 239 764; x_wconf 90' lang='lat' dir='ltr'>et</span> <span class='ocrx_word' id='word_1_28' title='bbox 252 731 391 779; x_wconf 78' lang='lat' dir='ltr'><strong>numquam</strong></span> <span class='ocrx_word' id='word_1_29' title='bbox 404 715 516 765; x_wconf 86' lang='lat' dir='ltr'>fallentis</span> <span class='ocrx_word' id='word_1_30' title='bbox 530 726 623 765; x_wconf 87' lang='lat' dir='ltr'>termes</span> <span class='ocrx_word' id='word_1_31' title='bbox 636 717 727 777; x_wconf 87' lang='lat' dir='ltr'>olivae,</span> 
     </span>
     <span class='ocr_line' id='line_1_7' title="bbox 78 806 586 868; baseline -0.002 -14"><span class='ocrx_word' id='word_1_32' title='bbox 78 820 199 868; x_wconf 87' lang='lat' dir='ltr'>suamque</span> <span class='ocrx_word' id='word_1_33' title='bbox 211 806 283 868; x_wconf 83' lang='lat' dir='ltr'>pullu</span> <span class='ocrx_word' id='word_1_34' title='bbox 295 807 357 853; x_wconf 88' lang='lat' dir='ltr'>ficus</span> <span class='ocrx_word' id='word_1_35' title='bbox 371 813 447 853; x_wconf 89' lang='lat' dir='ltr'>ornat</span> <span class='ocrx_word' id='word_1_36' title='bbox 460 806 586 863; x_wconf 81' lang='lat' dir='ltr'>arborem,</span> 
     </span>
     <span class='ocr_line' id='line_1_8' title="bbox 79 893 690 952; baseline -0.002 -9"><span class='ocrx_word' id='word_1_37' title='bbox 79 894 154 943; x_wconf 91' lang='lat' dir='ltr'>mella</span> <span class='ocrx_word' id='word_1_38' title='bbox 166 909 228 942; x_wconf 83' lang='lat' dir='ltr'>cars</span> <span class='ocrx_word' id='word_1_39' title='bbox 240 902 347 943; x_wconf 86' lang='lat' dir='ltr'>manant</span> <span class='ocrx_word' id='word_1_40' title='bbox 360 908 392 942; x_wconf 85' lang='lat' dir='ltr'>cx</span> <span class='ocrx_word' id='word_1_41' title='bbox 405 894 472 952; x_wconf 80' lang='lat' dir='ltr'>ilice,</span> <span class='ocrx_word' id='word_1_42' title='bbox 489 893 618 941; x_wconf 87' lang='lat' dir='ltr'>montibus</span> <span class='ocrx_word' id='word_1_43' title='bbox 631 894 690 942; x_wconf 87' lang='lat' dir='ltr'>altis</span> 
     </span>
     <span class='ocr_line' id='line_1_9' title="bbox 79 982 575 1046; baseline -0.004 -15"><span class='ocrx_word' id='word_1_44' title='bbox 79 983 138 1032; x_wconf 84' lang='lat' dir='ltr'>levis</span> <span class='ocrx_word' id='word_1_45' title='bbox 152 991 273 1046; x_wconf 77' lang='lat' dir='ltr'>crepante</span> <span class='ocrx_word' id='word_1_46' title='bbox 285 982 390 1044; x_wconf 84' lang='lat' dir='ltr'><strong>lympha</strong></span> <span class='ocrx_word' id='word_1_47' title='bbox 403 983 489 1030; x_wconf 83' lang='lat' dir='ltr'>desilit</span> <span class='ocrx_word' id='word_1_48' title='bbox 501 982 575 1045; x_wconf 91' lang='lat' dir='ltr'>pede.</span> 
     </span>
     <span class='ocr_line' id='line_1_10' title="bbox 78 1071 676 1134; baseline -0.002 -14"><span class='ocrx_word' id='word_1_49' title='bbox 78 1072 129 1121; x_wconf 90' lang='lat' dir='ltr'>illic</span> <span class='ocrx_word' id='word_1_50' title='bbox 142 1072 254 1120; x_wconf 80' lang='lat' dir='ltr'>iniussae</span> <span class='ocrx_word' id='word_1_51' title='bbox 267 1071 371 1119; x_wconf 87' lang='lat' dir='ltr'>veniunt</span> <span class='ocrx_word' id='word_1_52' title='bbox 384 1071 416 1118; x_wconf 88' lang='lat' dir='ltr'>ad</span> <span class='ocrx_word' id='word_1_53' title='bbox 429 1071 540 1118; x_wconf 87' lang='lat' dir='ltr'>mulctra</span> <span class='ocrx_word' id='word_1_54' title='bbox 551 1071 676 1134; x_wconf 81' lang='lat' dir='ltr'>capellae,</span> 
     </span>
    </p>

    <p class='ocr_par' dir='ltr' id='par_1_4' title="bbox 28 1160 721 1579">
     <span class='ocr_line' id='line_1_11' title="bbox 28 1160 582 1223; baseline -0.005 -13"><span class='ocrx_word' id='word_1_55' title='bbox 28 1171 58 1211; x_wconf 77' lang='lat'>50</span> <span class='ocrx_word' id='word_1_56' title='bbox 79 1161 207 1223; x_wconf 74' lang='lat' dir='ltr'>refertque</span> <span class='ocrx_word' id='word_1_57' title='bbox 220 1168 292 1208; x_wconf 86' lang='lat' dir='ltr'>tenta</span> <span class='ocrx_word' id='word_1_58' title='bbox 304 1174 367 1222; x_wconf 81' lang='lat' dir='ltr'>grex</span> <span class='ocrx_word' id='word_1_59' title='bbox 380 1160 476 1207; x_wconf 88' lang='lat' dir='ltr'>amicus</span> <span class='ocrx_word' id='word_1_60' title='bbox 489 1160 582 1218; x_wconf 83' lang='lat' dir='ltr'>ubers3</span> 
     </span>
     <span class='ocr_line' id='line_1_12' title="bbox 79 1248 655 1313; baseline -0.002 -15"><span class='ocrx_word' id='word_1_61' title='bbox 79 1264 126 1298; x_wconf 91' lang='lat' dir='ltr'>nec</span> <span class='ocrx_word' id='word_1_62' title='bbox 137 1249 294 1313; x_wconf 86' lang='lat' dir='ltr'>vespertinus</span> <span class='ocrx_word' id='word_1_63' title='bbox 307 1248 482 1310; x_wconf 79' lang='lat' dir='ltr'>circumgemit</span> <span class='ocrx_word' id='word_1_64' title='bbox 493 1263 567 1296; x_wconf 88' lang='lat' dir='ltr'>ursus</span> <span class='ocrx_word' id='word_1_65' title='bbox 580 1248 655 1308; x_wconf 87' lang='lat' dir='ltr'>ovile,</span> 
     </span>
     <span class='ocr_line' id='line_1_13' title="bbox 80 1337 605 1401; baseline -0.01 -14"><span class='ocrx_word' id='word_1_66' title='bbox 80 1353 162 1401; x_wconf 90' lang='lat' dir='ltr'>neque</span> <span class='ocrx_word' id='word_1_67' title='bbox 174 1338 321 1387; x_wconf 83' lang='lat' dir='ltr'>intumescit</span> <span class='ocrx_word' id='word_1_68' title='bbox 334 1338 387 1386; x_wconf 88' lang='lat' dir='ltr'>alta</span> <span class='ocrx_word' id='word_1_69' title='bbox 398 1338 491 1400; x_wconf 84' lang='lat' dir='ltr'>viperis</span> <span class='ocrx_word' id='word_1_70' title='bbox 504 1337 605 1385; x_wconf 87' lang='lat' dir='ltr'>humus.</span> 
     </span>
     <span class='ocr_line' id='line_1_14' title="bbox 79 1425 721 1491; baseline -0.003 -15"><span class='ocrx_word' id='word_1_71' title='bbox 79 1429 202 1491; x_wconf 81' lang='lat' dir='ltr'>pluraque</span> <span class='ocrx_word' id='word_1_72' title='bbox 216 1427 303 1476; x_wconf 82' lang='lat' dir='ltr'>felices</span> <span class='ocrx_word' id='word_1_73' title='bbox 321 1427 484 1485; x_wconf 78' lang='lat' dir='ltr'>mirabimu13</span> <span class='ocrx_word' id='word_1_74' title='bbox 504 1435 533 1473; x_wconf 92' lang='lat' dir='ltr'>ut</span> <span class='ocrx_word' id='word_1_75' title='bbox 545 1439 629 1488; x_wconf 89' lang='lat' dir='ltr'>neque</span> <span class='ocrx_word' id='word_1_76' title='bbox 641 1425 721 1488; x_wconf 85' lang='lat' dir='ltr'>largis</span> 
     </span>
     <span class='ocr_line' id='line_1_15' title="bbox 79 1515 582 1579; baseline -0.004 -15"><span class='ocrx_word' id='word_1_77' title='bbox 79 1531 190 1579; x_wconf 89' lang='lat' dir='ltr'>aquosus</span> <span class='ocrx_word' id='word_1_78' title='bbox 204 1531 279 1564; x_wconf 89' lang='lat' dir='ltr'>eurus</span> <span class='ocrx_word' id='word_1_79' title='bbox 292 1531 352 1564; x_wconf 85' lang='lat' dir='ltr'>arva</span> <span class='ocrx_word' id='word_1_80' title='bbox 364 1516 438 1564; x_wconf 87' lang='lat' dir='ltr'>radat</span> <span class='ocrx_word' id='word_1_81' title='bbox 449 1515 582 1573; x_wconf 88' lang='lat' dir='ltr'>imbribus,</span> 
     </span>
    </p>

    <p class='ocr_par' dir='ltr' id='par_1_5' title="bbox 27 1604 682 2015">
     <span class='ocr_line' id='line_1_16' title="bbox 27 1604 682 1669; baseline -0.003 -16"><span class='ocrx_word' id='word_1_82' title='bbox 27 1616 56 1655; x_wconf 85' lang='lat'>55</span> <span class='ocrx_word' id='word_1_83' title='bbox 79 1605 185 1669; x_wconf 83' lang='lat' dir='ltr'>pinguia</span> <span class='ocrx_word' id='word_1_84' title='bbox 197 1619 245 1654; x_wconf 90' lang='lat' dir='ltr'>uec</span> <span class='ocrx_word' id='word_1_85' title='bbox 258 1604 331 1652; x_wconf 87' lang='lat' dir='ltr'>siccis</span> <span class='ocrx_word' id='word_1_86' title='bbox 345 1613 452 1652; x_wconf 84' lang='lat' dir='ltr'>urantur</span> <span class='ocrx_word' id='word_1_87' title='bbox 464 1604 564 1652; x_wconf 80' lang='lat' dir='ltr'>semina</span> <span class='ocrx_word' id='word_1_88' title='bbox 576 1604 682 1666; x_wconf 85' lang='lat' dir='ltr'>glaebis,</span> 
     </span>
     <span class='ocr_line' id='line_1_17' title="bbox 78 1693 601 1755; baseline -0.006 -13"><span class='ocrx_word' id='word_1_89' title='bbox 78 1702 215 1754; x_wconf 87' lang='lat' dir='ltr'>utrumque</span> <span class='ocrx_word' id='word_1_90' title='bbox 227 1707 287 1754; x_wconf 88' lang='lat' dir='ltr'>rege</span> <span class='ocrx_word' id='word_1_91' title='bbox 299 1700 460 1755; x_wconf 85' lang='lat' dir='ltr'>temperante</span> <span class='ocrx_word' id='word_1_92' title='bbox 473 1693 601 1742; x_wconf 88' lang='lat' dir='ltr'>caelitum.</span> 
     </span>
     <span class='ocr_line' id='line_1_18' title="bbox 78 1781 647 1843; baseline -0.004 -13"><span class='ocrx_word' id='word_1_93' title='bbox 78 1798 132 1831; x_wconf 90' lang='lat' dir='ltr'>nou</span> <span class='ocrx_word' id='word_1_94' title='bbox 146 1782 195 1829; x_wconf 92' lang='lat' dir='ltr'>huc</span> <span class='ocrx_word' id='word_1_95' title='bbox 207 1782 297 1842; x_wconf 82' lang='lat' dir='ltr'>Argoo</span> <span class='ocrx_word' id='word_1_96' title='bbox 310 1781 443 1829; x_wconf 85' lang='lat' dir='ltr'>contendit</span> <span class='ocrx_word' id='word_1_97' title='bbox 454 1783 549 1843; x_wconf 85' lang='lat' dir='ltr'>remige</span> <span class='ocrx_word' id='word_1_98' title='bbox 562 1782 647 1843; x_wconf 90' lang='lat' dir='ltr'>pinus,</span> 
     </span>
     <span class='ocr_line' id='line_1_19' title="bbox 78 1868 631 1933; baseline -0.005 -14"><span class='ocrx_word' id='word_1_99' title='bbox 78 1884 163 1933; x_wconf 87' lang='lat' dir='ltr'>neque</span> <span class='ocrx_word' id='word_1_100' title='bbox 175 1869 296 1933; x_wconf 86' lang='lat' dir='ltr'>inpudice</span> <span class='ocrx_word' id='word_1_101' title='bbox 309 1868 412 1917; x_wconf 87' lang='lat' dir='ltr'>Colchis</span> <span class='ocrx_word' id='word_1_102' title='bbox 424 1869 511 1917; x_wconf 91' lang='lat' dir='ltr'>intulit</span> <span class='ocrx_word' id='word_1_103' title='bbox 522 1869 631 1931; x_wconf 83' lang='lat' dir='ltr'>pedem3</span> 
     </span>
     <span class='ocr_line' id='line_1_20' title="bbox 77 1956 673 2015; baseline -0.007 -7"><span class='ocrx_word' id='word_1_104' title='bbox 77 1975 132 2008; x_wconf 91' lang='lat' dir='ltr'>uon</span> <span class='ocrx_word' id='word_1_105' title='bbox 146 1959 194 2007; x_wconf 88' lang='lat' dir='ltr'>huc</span> <span class='ocrx_word' id='word_1_106' title='bbox 207 1956 308 2006; x_wconf 89' lang='lat' dir='ltr'>Sidonii</span> <span class='ocrx_word' id='word_1_107' title='bbox 320 1965 449 2006; x_wconf 88' lang='lat' dir='ltr'>torserunt</span> <span class='ocrx_word' id='word_1_108' title='bbox 460 1971 558 2006; x_wconf 88' lang='lat' dir='ltr'>cornua</span> <span class='ocrx_word' id='word_1_109' title='bbox 570 1965 673 2015; x_wconf 82' lang='lat' dir='ltr'>uentae,</span> 
     </span>
    </p>

    <p class='ocr_par' dir='ltr' id='par_1_6' title="bbox 24 2046 700 2466">
     <span class='ocr_line' id='line_1_21' title="bbox 24 2046 484 2098; baseline -0.009 -1"><span class='ocrx_word' id='word_1_110' title='bbox 24 2058 56 2098; x_wconf 80' lang='lat' dir='ltr'>oo</span> <span class='ocrx_word' id='word_1_111' title='bbox 77 2048 209 2096; x_wconf 84' lang='lat' dir='ltr'>laboriose</span> <span class='ocrx_word' id='word_1_112' title='bbox 221 2062 269 2095; x_wconf 89' lang='lat' dir='ltr'>nec</span> <span class='ocrx_word' id='word_1_113' title='bbox 282 2047 375 2094; x_wconf 87' lang='lat' dir='ltr'>cohors</span> <span class='ocrx_word' id='word_1_114' title='bbox 389 2046 484 2094; x_wconf 81' lang='lat' dir='ltr'>Ulixei.</span> 
     </span>
     <span class='ocr_line' id='line_1_22' title="bbox 80 2133 700 2201; baseline -0.008 -17"><span class='ocrx_word' id='word_1_115' title='bbox 80 2137 165 2201; x_wconf 89' lang='lat' dir='ltr'>[nulla</span> <span class='ocrx_word' id='word_1_116' title='bbox 178 2144 273 2185; x_wconf 89' lang='lat' dir='ltr'>nocent</span> <span class='ocrx_word' id='word_1_117' title='bbox 284 2135 371 2198; x_wconf 86' lang='lat' dir='ltr'>pecori</span> <span class='ocrx_word' id='word_1_118' title='bbox 385 2136 514 2196; x_wconf 80' lang='lat' dir='ltr'>contagia,</span> <span class='ocrx_word' id='word_1_119' title='bbox 531 2133 624 2181; x_wconf 89' lang='lat' dir='ltr'>nullius</span> <span class='ocrx_word' id='word_1_120' title='bbox 637 2135 700 2181; x_wconf 84' lang='lat' dir='ltr'>astri</span> 
     </span>
     <span class='ocr_line' id='line_1_23' title="bbox 78 2221 585 2288; baseline -0.008 -15"><span class='ocrx_word' id='word_1_121' title='bbox 78 2240 184 2288; x_wconf 85' lang='lat' dir='ltr'>gregem</span> <span class='ocrx_word' id='word_1_122' title='bbox 196 2234 315 2274; x_wconf 85' lang='lat' dir='ltr'>aestuosa</span> <span class='ocrx_word' id='word_1_123' title='bbox 328 2234 407 2273; x_wconf 88' lang='lat' dir='ltr'>torret</span> <span class='ocrx_word' id='word_1_124' title='bbox 418 2221 585 2287; x_wconf 79' lang='lat' dir='ltr'>inpotentia]</span> 
     </span>
     <span class='ocr_line' id='line_1_24' title="bbox 78 2311 620 2378; baseline -0.006 -17"><span class='ocrx_word' id='word_1_125' title='bbox 78 2314 194 2378; x_wconf 90' lang='lat' dir='ltr'>Iuppiter</span> <span class='ocrx_word' id='word_1_126' title='bbox 205 2315 252 2364; x_wconf 89' lang='lat' dir='ltr'>illa</span> <span class='ocrx_word' id='word_1_127' title='bbox 263 2316 322 2378; x_wconf 88' lang='lat' dir='ltr'>piae</span> <span class='ocrx_word' id='word_1_128' title='bbox 334 2315 442 2364; x_wconf 85' lang='lat' dir='ltr'>secrevit</span> <span class='ocrx_word' id='word_1_129' title='bbox 453 2314 529 2361; x_wconf 90' lang='lat' dir='ltr'>litora</span> <span class='ocrx_word' id='word_1_130' title='bbox 541 2311 620 2375; x_wconf 89' lang='lat' dir='ltr'>genti,</span> 
     </span>
     <span class='ocr_line' id='line_1_25' title="bbox 78 2404 579 2466; baseline -0.004 -15"><span class='ocrx_word' id='word_1_131' title='bbox 78 2412 106 2451; x_wconf 89' lang='lat' dir='ltr'>ut</span> <span class='ocrx_word' id='word_1_132' title='bbox 118 2404 262 2466; x_wconf 85' lang='lat' dir='ltr'>inquinarit</span> <span class='ocrx_word' id='word_1_133' title='bbox 273 2418 333 2452; x_wconf 81' lang='lat' dir='ltr'>sere</span> <span class='ocrx_word' id='word_1_134' title='bbox 344 2411 445 2466; x_wconf 90' lang='lat' dir='ltr'>tempus</span> <span class='ocrx_word' id='word_1_135' title='bbox 458 2416 579 2461; x_wconf 80' lang='lat' dir='ltr'>aureum3</span> 
     </span>
    </p>

    <p class='ocr_par' dir='ltr' id='par_1_7' title="bbox 24 2491 702 2644">
     <span class='ocr_line' id='line_1_26' title="bbox 24 2491 702 2552; baseline -0.007 -12"><span class='ocrx_word' id='word_1_136' title='bbox 24 2501 56 2540; x_wconf 73' lang='grc'>55</span> <span class='ocrx_word' id='word_1_137' title='bbox 79 2506 149 2550; x_wconf 87' lang='lat' dir='ltr'>aere,</span> <span class='ocrx_word' id='word_1_138' title='bbox 165 2491 258 2540; x_wconf 87' lang='lat' dir='ltr'>debinc</span> <span class='ocrx_word' id='word_1_139' title='bbox 271 2491 338 2540; x_wconf 87' lang='lat' dir='ltr'>ferro</span> <span class='ocrx_word' id='word_1_140' title='bbox 352 2491 451 2539; x_wconf 87' lang='lat' dir='ltr'>duravit</span> <span class='ocrx_word' id='word_1_141' title='bbox 462 2491 575 2548; x_wconf 83' lang='lat' dir='ltr'>saecula,</span> <span class='ocrx_word' id='word_1_142' title='bbox 592 2501 702 2552; x_wconf 89' lang='lat' dir='ltr'>quorum</span> 
     </span>
     <span class='ocr_line' id='line_1_27' title="bbox 79 2580 573 2644; baseline -0.004 -15"><span class='ocrx_word' id='word_1_143' title='bbox 79 2582 128 2644; x_wconf 90' lang='lat' dir='ltr'>piis</span> <span class='ocrx_word' id='word_1_144' title='bbox 143 2580 263 2640; x_wconf 84' lang='lat' dir='ltr'>secunda,</span> <span class='ocrx_word' id='word_1_145' title='bbox 280 2589 336 2628; x_wconf 87' lang='lat' dir='ltr'>vate</span> <span class='ocrx_word' id='word_1_146' title='bbox 348 2594 398 2639; x_wconf 89' lang='lat' dir='ltr'>me,</span> <span class='ocrx_word' id='word_1_147' title='bbox 416 2583 490 2630; x_wconf 86' lang='lat' dir='ltr'>datur</span> <span class='ocrx_word' id='word_1_148' title='bbox 502 2580 573 2642; x_wconf 83' lang='lat' dir='ltr'>fuga.</span> 
     </span>
    </p>
   </div>
   <div class='ocr_carea' id='block_1_3' title="bbox 625 2774 671 2822">
    <p class='ocr_par' dir='ltr' id='par_1_8' title="bbox 625 2774 671 2822">
     <span class='ocr_line' id='line_1_28' title="bbox 625 2774 671 2822; baseline -0.022 0"><span class='ocrx_word' id='word_1_149' title='bbox 625 2774 671 2822; x_wconf 62' lang='grc' dir='ltr'>Μ’</span> 
     </span>
    </p>
   </div>
   <div class='ocr_carea' id='block_1_4' title="bbox 0 0 964 3117">
    <p class='ocr_par' dir='ltr' id='par_1_9' title="bbox 0 0 964 3117">
     <span class='ocr_line' id='line_1_29' title="bbox 0 0 964 3117; baseline 0 0"><span class='ocrx_word' id='word_1_150' title='bbox 0 0 964 3117; x_wconf 95' lang='lat' dir='ltr'> </span> 
     </span>
    </p>
   </div>
  </div>
 </body>
</html>
