1917 3117
130 207 164 256 1ss
291 257 294 262 ⁴
420 210 582 249 cananeum

131 367 233 430 proeliis
246 367 339 414 audax.
366 382 450 429 neque
462 375 487 415 te
500 367 589 426 silebo,

129 456 215 515 Liber,
232 464 256 504 et
268 455 349 504 saevis
362 456 464 504 inimica
477 456 548 518 virgo

130 545 219 604 beluis,
235 559 282 593 nec
294 553 326 604 te,
343 545 476 593 metuende
488 553 557 593 certa

129 634 232 682 Phoebe
245 633 345 695 sagitta.

77 785 108 825 25
130 775 212 824 dicam
225 783 249 823 et
261 775 380 834 Alciden,
401 789 546 838 puerosque
558 775 656 834 Ledae,

128 864 197 912 hunc
210 864 290 926 equis,
305 865 378 912 illurn
391 879 512 926 superare
524 866 617 927 pugnis

128 953 255 1013 nobilem3
277 967 386 1015 qnorum
398 954 473 1001 simul
486 953 546 1001 alba
558 954 641 1000 nautis

129 1041 203 1090 stella
215 1041 322 1100 refulsit,

129 1182 215 1231 defluit
227 1184 294 1231 saxis
308 1183 415 1245 agitatus
428 1199 510 1242 umor,

72 1278 104 1319 ³0
125 1270 263 1319 concidunt
276 1272 343 1320 venti
355 1272 507 1335 fugiuntque
520 1273 610 1331 nubes,

124 1367 148 1407 ct
161 1360 257 1418 minax,
273 1375 352 1422 quom
364 1362 400 1408 sic
412 1361 525 1420 voluere,
541 1361 621 1423 ponto

123 1447 193 1494 unda
209 1450 340 1497 recumbit.

123 1588 260 1637 Romulum
272 1597 332 1653 post
344 1591 391 1638 hos
404 1592 482 1653 prius,
498 1605 531 1638 an
545 1592 657 1652 quietum

123 1676 233 1739 Pompili
246 1693 354 1740 regnum
370 1694 517 1736 memorem,
537 1694 571 1727 an
584 1683 710 1743 superbos

72 1774 102 1815 35
123 1765 246 1828 Tarquini
259 1767 345 1826 fascis,
362 1768 457 1827 dubito,
472 1782 507 1815 an
520 1767 625 1816 Catonis

122 1854 210 1903 nobile
223 1856 310 1904 letum.

124 1995 263 2059 [Regulum
276 2007 301 2046 et
313 1996 423 2046 Scauros
437 1998 588 2061 animaeque
600 2014 710 2062 magnac

122 2086 257 2147 prodigum
269 2086 387 2135 Paullum
400 2097 537 2150 superante
549 2088 638 2137 Poeno

122 2182 208 2236 gratus
220 2175 315 2237 insigni
328 2175 435 2224 referam
448 2190 555 2225 camena

69 2270 102 2310 lo
122 2262 325 2325 Fabriciumque.

122 2404 190 2452 hunc
204 2413 228 2453 ct
240 2406 376 2468 incomptis
389 2404 494 2456 Curium
507 2408 607 2470 capillis

122 2493 209 2542 utilem
222 2493 290 2541 bello
303 2494 360 2543 tulit
373 2503 398 2543 et
411 2493 549 2543 Camillum

122 2595 197 2629 saeva
210 2591 345 2645 paupertas
359 2590 384 2630 et
396 2586 475 2632 avitus
488 2593 543 2632 arto

122 2685 179 2719 cum
191 2671 246 2719 lare
259 2670 377 2734 fundus]
