1917 3117
412 96 549 184 ronrrcs.
790 144 841 193 341

53 311 105 352 290
121 317 198 365 quam
209 302 298 364 lingua
310 300 421 359 Latium,
436 301 458 349 si
470 315 524 349 non
537 300 679 349 offenderet
689 317 769 350 unum

121 405 247 454 quemque
259 398 393 453 poetarum
405 390 482 437 limae
494 390 569 438 labor
581 398 605 438 et
617 404 699 438 mora.
727 405 781 446 vos,
796 407 812 439 o

119 479 260 542 Pompilius
273 479 387 540 sanguis,
402 492 507 526 carmen
518 478 663 540 reprendite
677 480 745 540 quod
760 494 811 527 non

117 569 198 615 multa
211 568 263 616 dies
277 574 301 615 et
313 567 394 615 multa
406 566 482 614 litura
495 565 607 614 coercuit
618 573 695 628 atque

119 663 279 720 praesectum
292 655 395 703 deciens
408 669 461 702 non
475 653 609 716 castigavit
621 654 653 701 ad
665 671 787 719 unguem.

52 751 105 793 295
118 743 251 806 ingenium
262 743 356 791 misera
368 743 428 805 quia
441 743 594 791 fortunatius
606 752 661 791 arte

120 832 200 880 credit
212 839 238 880 et
250 831 363 879 excludit
378 846 456 880 sanos
469 831 594 879 Helicone
606 839 696 893 poetas

119 921 291 979 Democritus,
306 920 377 967 bona
388 934 447 983 pars
460 933 515 967 non
527 919 619 981 unguis
632 934 729 983 ponere
741 930 821 980 curat,

120 1024 174 1057 non
187 1010 302 1066 barbam,
319 1016 418 1057 secreta
429 1008 493 1070 petit
505 1008 572 1066 loca,
588 1008 681 1056 balnea
693 1009 763 1056 vitat.

120 1097 283 1145 nanciscetur
296 1097 363 1143 enim
376 1096 486 1159 pretium
498 1110 644 1158 nomenque
657 1106 758 1159 poetae,

53 1195 106 1238 300
121 1187 143 1235 si
155 1185 235 1235 tribus
248 1184 376 1246 Anticyris
389 1191 466 1247 caput
476 1184 620 1233 insanabile
633 1200 772 1249 numquam

120 1275 219 1325 tonsori
231 1273 323 1322 Licino
337 1272 501 1321 commiserit.
528 1289 544 1320 o
558 1287 607 1335 ego
620 1274 716 1332 laevus,

120 1364 163 1428 qui
176 1377 272 1427 purgor
285 1362 362 1410 bilem
375 1363 421 1410 sub
434 1362 505 1411 verni
517 1363 639 1425 temporis
654 1363 752 1410 horam.

119 1468 173 1502 non
186 1452 251 1500 alius
264 1451 360 1499 luceret
372 1451 479 1498 meliora
491 1459 625 1513 poemata:
646 1465 732 1499 verum

121 1541 158 1589 nil
170 1540 235 1588 tanti
248 1547 295 1588 est.
322 1554 384 1601 ergo
397 1539 492 1601 fungar
504 1540 559 1588 vice
572 1540 645 1599 cotis,
661 1548 763 1590 acutum

55 1638 106 1679 305
120 1628 227 1677 reddere
239 1641 305 1688 quae
318 1626 413 1675 ferrum
425 1628 500 1687 valet,
516 1642 604 1676 exsors
618 1629 675 1692 ipsa
686 1629 807 1689 secandi;

119 1730 213 1764 munus
226 1721 251 1762 et
263 1714 385 1775 officium,
400 1715 437 1763 nil
450 1716 565 1764 scribens
581 1717 646 1780 ipse,
662 1719 771 1777 docebo,

119 1805 189 1852 unde
201 1810 324 1866 parentur
336 1816 408 1864 opes,
424 1802 484 1864 quid
498 1803 550 1851 alat
562 1804 706 1868 formetque
718 1815 830 1868 poetam,

121 1892 181 1955 quid
195 1892 292 1949 deceat,
308 1890 368 1952 quid
382 1905 444 1948 non,
460 1906 511 1952 quo
524 1892 672 1955 virtusque
686 1894 752 1942 ferat
764 1908 843 1941 error.

121 1980 250 2029 scribendi
262 1985 331 2027 recte
343 1993 434 2041 sapere
447 1986 486 2026 cst
498 1985 524 2026 et
536 1979 688 2042 principium
701 1990 726 2030 et
738 1982 806 2029 fons.

56 2080 106 2122 eto
120 2085 175 2118 rem
186 2069 232 2118 tibi
245 2066 391 2116 Socraticae
404 2074 525 2129 poterunt
538 2069 674 2117 ostendere
689 2071 807 2131 chartae,

120 2160 248 2221 verbaque
261 2157 389 2220 provisam
401 2171 455 2205 rem
467 2172 522 2205 non
534 2156 614 2204 invita
626 2166 771 2221 sequentur.

122 2249 166 2310 qui
179 2247 267 2295 didicit
278 2247 376 2309 patriae
389 2246 449 2308 quid
463 2247 556 2294 debeat
569 2255 594 2294 et
607 2246 667 2308 quid
680 2247 777 2306 amicis,

122 2350 172 2398 quo
180 2335 213 2383 sit
218 2350 306 2384 amore
317 2348 420 2398 parens,
430 2350 482 2397 quo
489 2335 567 2382 frater
573 2336 697 2383 amandus
704 2343 730 2384 et
739 2335 843 2398 hospes,

122 2423 190 2486 quod
203 2424 236 2472 sit
248 2422 395 2485 conscripti,
410 2423 478 2485 quod
496 2422 588 2471 iudicis
601 2423 722 2483 officium,
738 2439 804 2486 quae

58 2521 108 2562 315
123 2519 207 2575 partes
219 2511 246 2559 in
259 2512 355 2561 bellum
367 2511 438 2559 missi
452 2511 532 2571 ducis,
547 2511 591 2560 ille
604 2513 721 2575 profecto

123 2600 230 2648 reddere
243 2615 370 2663 personae
382 2601 430 2649 scit
443 2600 622 2649 convenientia
634 2601 736 2666 cuique.
