1917 3117
401 188 490 226 mnne
505 188 526 226 1.
776 185 829 236 273

103 346 172 408 quod
186 345 258 408 petiit
270 332 376 408 speruit,
391 344 484 407 repetit
495 345 565 406 quod
578 358 660 407 nuper
672 345 766 404 omisit,

102 441 202 482 aestuat
215 441 240 482 et
251 434 317 482 vitae
331 433 493 481 disconvenit
510 433 601 481 ordine
614 440 679 492 toto,

39 531 86 571 100
102 522 187 582 diruit,
201 523 328 580 aedificat,
343 529 425 570 mutat
437 522 564 584 quadrata
576 520 710 570 rotundis?

101 610 215 659 insanire
227 618 303 674 putas
316 610 454 659 sollemnia
465 624 508 657 me
520 623 606 671 neque
618 609 695 668 rides,

100 714 150 748 nec
162 699 253 748 medici
267 700 348 748 credis
361 713 410 747 noc
423 698 548 747 curatoris
562 712 638 759 egere

102 803 118 836 a
129 795 246 851 praetore
260 788 321 847 dati,
336 802 419 836 rerum
436 788 518 835 tutela
529 801 644 835 mearum

102 891 160 923 oum
173 875 207 924 sis
220 884 245 924 et
257 890 336 939 prave
348 884 445 924 sectum
457 874 624 923 stomacheris
637 877 670 923 oh
684 890 797 937 unguem

38 973 86 1013 rot
102 964 134 1012 00
146 970 172 1011 te
184 965 330 1027 pendentis,
345 972 371 1012 00
383 963 544 1027 respicientis
556 964 640 1011 amici.
824 955 831 1035 J

101 1052 133 1099 ad
147 1067 280 1112 summam,
296 1054 398 1115 sapiens
410 1067 463 1119 uno
476 1052 562 1099 nnnor
573 1058 612 1099 est
622 1051 692 1112 Iove,
708 1052 787 1111 dives,
819 1040 824 1056 ⁴

102 1141 177 1200 liber,
192 1140 343 1200 honoratus,
359 1140 474 1203 pulcher,
489 1155 537 1188 rex
549 1141 660 1203 denique
672 1154 770 1204 regum,

100 1230 237 1294 praecipue
249 1242 336 1289 sanus,
351 1229 400 1277 nisi
412 1243 471 1276 oum
483 1228 574 1292 pituita
585 1230 729 1278 molestast.

444 1601 478 1649 II.

103 1759 211 1807 Troiani
223 1758 285 1807 belli
298 1760 456 1822 scriptorem,
471 1759 585 1807 Maxime
596 1758 675 1817 Lolli,

101 1849 162 1896 dum
174 1855 201 1896 00
215 1846 344 1895 declames
356 1846 464 1905 Romae,
479 1847 619 1895 Praeneste
631 1846 725 1909 relegi:

100 1937 144 2000 qui
158 1936 220 1998 quid
232 1934 265 1983 sit
277 1935 419 1997 pulchrum,
435 1935 496 1996 quid
509 1942 591 1997 turpe,
606 1934 666 1996 quid
678 1935 748 1994 utile,
764 1935 826 1997 quid

462 2036 524 2081 non,

99 2114 200 2177 planius
214 2112 348 2160 aemulius
362 2110 508 2174 Chrysippo
521 2119 547 2159 et
560 2110 684 2159 Crantore
698 2109 768 2158 dicit.

72 2210 85 2250 0
100 2216 145 2250 cur
156 2202 192 2250 ita
205 2201 365 2260 crediderim,
380 2200 429 2248 nisi
442 2200 503 2264 quid
519 2207 545 2248 te
557 2199 662 2259 detinet,
677 2198 746 2246 audi.

98 2290 195 2350 fabula,
211 2305 262 2352 qua
274 2288 374 2338 Paridis
388 2296 493 2352 propter
505 2295 622 2336 narratur
634 2302 748 2337 amorem

99 2378 207 2427 Graecia
219 2379 359 2427 Barbariae
371 2379 444 2426 lento
457 2378 550 2426 collisa
562 2377 657 2436 duello,

7 2530 8 2535 ¹
98 2468 234 2516 stultorum
245 2482 335 2530 regum
347 2475 373 2516 et
385 2468 541 2531 populorum
553 2466 669 2514 conduct
681 2473 775 2515 aestus.

7 2610 9 2641 ,
98 2556 218 2603 Antenor
231 2564 318 2605 censet
330 2556 392 2605 belli
405 2555 554 2619 praecidere
567 2569 680 2603 causam.

7 2644 8 2665 ³
54 2653 83 2694 10
99 2643 169 2707 quod
182 2644 264 2706 Paris,
279 2652 308 2693 00
320 2645 404 2693 salvus
418 2653 508 2708 regnet
520 2645 638 2707 vivatque
651 2645 750 2703 heatus,

141 2746 236 2781 horatius.
254 2746 284 2783 00,
294 2747 316 2782 11.
645 2757 674 2799 18
