1917 3117
389 206 477 244 LIBER
489 206 523 244 11.
770 202 821 252 227

99 366 175 414 verbe
187 379 233 427 per
245 371 370 412 attentam
381 377 434 411 non
446 362 521 411 ibunt
533 361 651 411 Caesaris
665 376 761 422 eurem,

51 461 82 502 20
98 454 139 501 cui
151 454 219 501 male
233 452 254 500 si
267 453 382 515 pelpere,
397 451 544 500 recalcitrat
556 451 669 513 undique
682 457 759 498 tutus.

97 542 202 604 ‘quanto
215 541 308 589 rectius
321 540 371 587 hoc
385 554 462 602 quam
474 540 539 587 tristi
552 539 653 588 laedere
666 553 741 587 versu

97 630 271 679 Pantolabum
284 643 397 678 scurram
409 627 630 677 Nomentanumve
643 635 772 690 nepotem,

98 734 156 767 cum
169 719 217 767 sibi
230 719 339 781 quisque
356 717 436 776 timet,
452 730 608 779 quamquem
626 724 664 765 est
675 716 795 775 intectus,
810 725 835 765 et

459 805 534 854 odit'

100 896 160 959 qnid
173 895 283 943 faciam?
304 895 380 944 saltat
391 894 523 952 Milonius,
537 902 567 942 ut
578 894 657 942 semel
670 892 722 941 icto

52 993 83 1033 25
99 985 207 1033 accessit
219 984 304 1032 fervor
317 982 393 1046 capiti
407 996 580 1044 numerusque
594 982 720 1042 lucemis3

99 1072 192 1123 Castor
204 1073 299 1135 gaudet
310 1071 392 1133 equis,
408 1085 456 1118 ovo
470 1078 612 1133 prognatus
625 1071 717 1118 eodem

99 1160 208 1224 pugnis:
230 1167 293 1222 quot
305 1159 417 1222 capitum
430 1158 525 1218 vivunt,
540 1159 647 1207 totidem
660 1160 801 1208 studiorum

99 1250 179 1297 milia.
206 1263 247 1298 me
260 1247 366 1311 pedibus
380 1247 491 1295 delectet
503 1248 623 1295 claudere
636 1248 714 1295 verba

98 1337 183 1386 Lucili
195 1338 252 1397 ritu,
269 1344 384 1385 nostrum
397 1335 510 1383 melioris
524 1345 643 1397 utroque.

52 1435 83 1476 30
99 1426 144 1475 ille
156 1428 224 1475 velut
238 1425 294 1474 iidie
307 1439 402 1473 arcana
414 1423 546 1472 sodalibus
559 1424 621 1472 olim

99 1515 218 1564 credebat
230 1514 311 1574 libris,
326 1528 419 1576 neque,
435 1513 455 1561 si
467 1512 536 1561 mele
549 1520 668 1572 cesserat,
683 1526 793 1575 usquam

99 1603 235 1651 decurrens
248 1602 309 1661 ulio,
324 1616 409 1664 neque
422 1603 443 1649 si
456 1602 535 1650 bene:
558 1616 609 1664 quo
623 1603 651 1651 tit
662 1609 690 1649 ut
703 1601 788 1649 omnis

99 1690 184 1738 votiva
196 1697 283 1751 patent
295 1689 371 1738 veluti
384 1690 513 1751 descripta
525 1690 622 1739 tabella

98 1778 234 1826 vitesenis.
250 1791 344 1839 sequor
350 1777 428 1837 hunc,
436 1777 556 1825 Lucanus
567 1793 600 1825 un
608 1779 726 1841 Appulus
733 1793 844 1841 auceps:

51 1878 83 1919 35
98 1880 159 1915 nem
171 1865 318 1913 Venusinus
331 1874 386 1913 eret
398 1866 475 1914 finem
487 1867 534 1914 snb
547 1874 681 1929 utrumque
693 1868 810 1925 colonus,

98 1955 191 2003 missus
204 1954 237 2002 ad
250 1954 308 2012 hoc,
323 1952 413 2016 pulsis,
428 1962 551 2003 natusest
566 1962 595 2003 ut
607 1955 684 2015 ieme,
700 1954 822 2014 Sabellis,

99 2058 151 2107 quo
164 2058 197 2092 ne
209 2057 255 2106 per
267 2056 375 2090 vacuum
388 2041 506 2091 Romano
519 2043 658 2092 incurreret
670 2043 761 2102 hostis,

98 2133 150 2181 sive
163 2131 232 2194 quod
245 2131 350 2193 Appula
362 2145 425 2193 gens
439 2146 485 2180 seu
499 2132 567 2194 qnod
581 2131 698 2180 Lucania
710 2132 806 2180 bellum

98 2222 223 2270 incuteret
235 2220 356 2269 violente.
383 2221 427 2269 sed
441 2221 483 2268 hic
496 2221 569 2269 stilus
582 2221 650 2268 haud
664 2228 734 2283 petct
745 2221 812 2268 ultro

50 2319 83 2360 40
99 2324 254 2372 quemquam
266 2309 421 2358 animantem
435 2317 460 2357 et
472 2324 513 2358 me
531 2309 607 2358 veluti
620 2309 746 2358 custodiet
760 2309 829 2357 ensis

98 2399 190 2460 vagina
203 2406 302 2446 tectus:
324 2412 401 2461 quem
413 2412 458 2446 cm
471 2398 631 2460 destringere
643 2412 722 2446 coner

97 2495 165 2535 tutus
178 2487 211 2534 ab
224 2486 324 2536 infestis
336 2487 498 2536 latronibus?
518 2502 533 2536 o
548 2497 622 2551 pater
634 2498 659 2537 et
672 2502 717 2535 rex

98 2575 220 2638 Iuppiter,
236 2583 263 2622 ut
278 2584 365 2638 pereat
377 2576 490 2638 positum
502 2577 618 2639 robigine
637 2577 725 2634 telum,

97 2677 146 2711 nec
160 2663 295 2725 quisquam
307 2673 400 2714 noceat
412 2666 505 2729 cupido
518 2666 580 2713 mihi
594 2664 678 2728 pacis!
699 2675 725 2714 at
736 2666 790 2723 ille,

627 2775 674 2821 15¹
