1917 3117
397 186 487 223 arnna
499 187 531 223 11.
774 186 826 236 323

101 341 236 403 posthaec
248 341 292 388 ille
305 350 385 400 catus,
401 343 562 404 quantumvis
576 344 694 404 rusticus,
708 346 773 405 ibit,

52 438 85 478 40
101 429 148 477 ibit
161 443 192 477 eo
206 445 258 492 quo
271 430 307 478 vis
322 431 364 492 qui
377 445 470 478 zonam
483 431 601 492 perdidit'
612 432 705 494 inquit.

100 518 198 566 Romae
210 519 300 566 nutriri
312 519 374 566 mihi
388 520 497 581 contigit
510 528 587 582 atque
602 520 690 568 doceri

100 606 177 654 iratus
192 605 266 655 Grais
280 615 404 670 quantum
417 608 549 655 nocuisset
562 609 687 656 Achilles.

100 695 216 742 adiecere
230 696 313 743 bonae
325 696 414 758 paullo
427 696 485 757 plus
498 696 559 743 artis
573 697 699 755 Athenae,

101 782 198 830 scilicet
210 789 238 829 ut
249 798 353 844 possem
366 798 444 831 curvo
458 783 609 846 dignoscere
623 792 720 832 rectum

53 882 85 920 45
101 879 177 933 atque
189 871 255 918 inter
267 871 343 918 silvas
356 871 482 918 Academi
496 886 619 932 quaerere
631 886 727 919 verum.

102 961 165 1008 dura
178 961 228 1029 sed
236 974 351 1008 emovere
364 961 424 1008 loco
437 974 479 1007 me
491 969 609 1022 tempora
622 968 705 1023 grato,

102 1049 234 1110 civilisque
247 1048 337 1096 rudem
350 1049 410 1097 belli
422 1049 480 1096 tulit
493 1056 579 1096 aestus
592 1049 619 1097 iu
633 1064 704 1097 arma

101 1137 218 1186 Caesaris
231 1138 342 1200 Augusti
354 1152 408 1185 non
421 1152 577 1199 responsura
589 1139 699 1186 lacertis.

100 1228 169 1275 unde
181 1226 256 1274 simul
270 1227 379 1288 primum
391 1240 432 1273 me
445 1227 564 1275 dimisere
577 1227 698 1289 Philippi,

54 1324 86 1365 50
102 1315 192 1364 decisis
205 1315 327 1363 humilem
342 1315 433 1377 pennis
446 1315 600 1377 inopemque
614 1315 713 1377 paterni

101 1405 198 1452 otiaris
211 1411 235 1452 et
247 1404 321 1451 fundi
333 1411 470 1466 paupertas
487 1404 581 1466 inpulit
593 1405 678 1451 audax

100 1500 128 1540 ut
140 1508 226 1540 versus
240 1492 365 1541 facerem:
382 1493 426 1541 sed
441 1493 511 1555 quod
524 1507 579 1540 non
593 1492 659 1540 desit
671 1492 809 1541 habentem

103 1597 169 1644 quae
182 1589 302 1644 poterunt
314 1597 435 1644 umquam
448 1583 510 1630 satis
524 1596 667 1644 expurgare
681 1581 788 1642 cicutae,

101 1671 127 1717 ni
140 1669 231 1717 melius
246 1670 355 1719 dormire
368 1680 455 1734 putem
468 1687 546 1735 quam
559 1672 670 1720 scribere
682 1672 785 1720 versus?

54 1769 86 1807 55
102 1757 205 1819 singula
218 1757 249 1803 de
263 1758 337 1805 nobis
350 1759 412 1806 anni
425 1761 583 1820 praedantur
595 1768 698 1819 euntes;

102 1846 216 1907 eripuere
229 1845 309 1903 iocos,
324 1845 462 1903 Venerem,
478 1847 603 1905 convivia,
619 1846 723 1905 ludum3

100 1934 210 1982 tendunt
223 1939 374 1995 extorquere
387 1942 522 1996 poemata:
538 1934 599 1995 quid
613 1932 705 1981 faciam
717 1933 773 1982 vis?

102 2022 212 2083 denique
225 2036 278 2068 non
291 2036 380 2070 omnes
393 2021 483 2070 eadem
495 2021 619 2068 mirantur
632 2029 787 2084 amantque:

102 2110 215 2158 carmine
227 2117 254 2157 tu
267 2111 372 2172 gaudes,
388 2111 429 2158 hic
443 2111 583 2158 delectatur
595 2111 696 2169 iambis,

54 2209 85 2248 60
102 2199 146 2246 ille
159 2198 264 2246 Bioneis
277 2199 436 2261 sermonibus
450 2206 475 2247 et
488 2198 542 2246 sale
556 2198 641 2260 nigro.

25 2282 27 2287 ’
101 2294 153 2335 tres
166 2287 229 2334 mihi
242 2288 364 2335 convivae
376 2301 457 2349 prope
471 2287 604 2335 dissentire
616 2286 741 2347 videntur,

101 2383 237 2438 poscentes
251 2376 320 2423 vario
333 2377 442 2424 multum
456 2375 555 2423 diversa
567 2376 664 2438 palato.

103 2464 163 2527 quid
178 2464 254 2512 dem?
273 2465 334 2527 quid
348 2479 400 2512 nou
414 2464 490 2512 dem?
511 2465 596 2512 renuis
611 2466 682 2527 quod
694 2473 736 2523 tu,
756 2465 828 2512 iubet

32 2538 35 2543 ⁴
464 2554 544 2612 alter;

103 2642 171 2704 quod
185 2641 259 2703 petis,
269 2641 294 2689 id
302 2656 365 2690 sane
379 2650 418 2690 est
430 2643 539 2690 invisum
552 2641 703 2704 acidumque
716 2642 825 2689 duobus.

631 2749 679 2796 21·
