1917 3117
410 177 509 215 'uranu
521 178 543 214 1.
792 176 844 226 215

120 348 174 381 non
187 333 265 380 aliam
278 334 311 381 ob
325 347 428 381 causam
441 333 491 381 nisi
506 335 574 396 quod
587 335 667 382 virtus
680 335 706 382 in
720 342 828 398 utroque

73 430 104 469 15
119 436 218 469 summa
230 421 292 469 fuit:
315 422 365 468 duo
379 422 400 469 si
414 421 544 469 discordia
556 432 629 471 vexet
640 424 738 482 inertis,

122 517 166 558 aut
178 511 200 558 si
212 510 356 572 disparibus
369 510 465 558 bellurn
477 511 582 568 ineidat,
598 519 626 558 ut
637 511 758 560 Diomedi

120 614 178 647 cum
191 599 271 660 Lycio
286 598 393 658 Glauco,
411 599 525 647 discedat
537 600 643 662 pigrior,
658 600 726 648 ultro

119 689 266 735 muneribus
279 687 385 747 missis),
401 688 480 736 Bruto
495 695 613 750 praetore
625 695 729 736 tenente

121 776 199 824 ditem
213 775 311 835 Asiam,
326 776 414 839 Rupili
428 785 454 825 et
466 776 539 824 Persi
551 790 597 838 par
610 784 708 838 pugnat
720 777 757 825 uti
769 792 821 826 nou

74 872 106 912 20
122 864 285 927 conpositum
296 866 388 913 melius
401 880 459 913 eum
472 865 549 912 Bitho
562 864 699 912 Bacchius.
725 865 752 913 in
765 867 804 914 ius

120 967 191 1000 acres
204 960 365 1015 procurrunt,
380 966 503 1014 magnum
515 953 690 1015 spectaculum
702 962 818 1016 uterque.

122 1041 226 1089 Persius
240 1042 346 1103 exponit
358 1055 477 1101 causam
498 1041 595 1089 ridetur
607 1042 639 1088 ab
652 1042 722 1088 omni

120 1137 262 1189 conventu3
277 1130 365 1177 laudat
377 1130 485 1177 Brutum
498 1130 636 1191 laudatque
649 1130 791 1189 cohortem,

119 1217 202 1265 solem
212 1218 292 1265 Asiae
304 1218 412 1266 Brutum
425 1219 540 1281 adpellat
551 1218 691 1280 stellasque
707 1219 815 1267 salubris

75 1313 106 1353 25
122 1306 236 1369 adpellat
248 1307 363 1366 comites,
378 1314 487 1369 excepto
500 1306 585 1368 Rege;
606 1321 697 1355 canem
708 1306 789 1366 illum,

120 1395 228 1443 invisum
241 1396 362 1457 agricolis
375 1395 455 1454 sidus,
471 1396 587 1456 venisse;
601 1396 693 1443 ruebat

119 1483 214 1531 flumen
228 1491 255 1531 ut
268 1484 410 1544 hibernum,
426 1485 569 1547 ferturque
583 1484 758 1532 rarescentis.

119 1580 172 1619 tum
184 1571 368 1620 Praenestinus
381 1573 450 1621 salso
463 1573 597 1634 multoque
609 1573 697 1621 fluenti

120 1672 241 1720 expressa
254 1661 356 1708 arbusto
369 1661 464 1722 regerit
479 1661 603 1719 convicia,
620 1662 697 1708 durus

73 1756 105 1797 ³⁰
120 1746 289 1794 vindemiator
301 1754 327 1795 et
338 1747 456 1807 invictus,
472 1749 512 1795 cui
525 1763 603 1810 saepe
615 1749 698 1797 viator

119 1836 241 1884 cessisset
253 1849 348 1896 magna
361 1837 513 1898 conpellans
525 1850 590 1885 voce
603 1837 728 1884 cuculum.

121 1932 148 1972 at
162 1923 284 1981 Graecus,
300 1930 437 1985 postquam
450 1931 489 1972 est
500 1924 568 1971 Italo
581 1924 699 1986 pertusus
712 1933 794 1983 aceto,

119 2012 222 2059 Persius
236 2011 362 2060 exclamat
374 2011 427 2073 ‘per
439 2026 558 2073 magnos,
573 2012 660 2070 Brute,
676 2013 738 2060 deos
754 2020 779 2060 te

121 2116 177 2161 oro,
193 2100 237 2163 qui
249 2114 323 2162 reges
337 2100 469 2149 consueris
482 2101 583 2159 tollere,
599 2115 644 2148 cur
656 2115 710 2148 nou

74 2197 106 2237 35
120 2187 292 2250 huneRegem
304 2189 422 2250 iugulas?
436 2203 542 2251 operum
553 2189 611 2248 hoc,
620 2189 682 2237 milri
693 2189 777 2246 crede,
787 2197 844 2236 tuo·

480 2277 581 2326 tumst.²
