1917 3117
402 182 491 222 LIBER
505 184 539 221 11.

108 344 143 391 ‘in
156 342 245 407 primis
257 341 378 390 Lucanus
392 352 467 404 aper:
492 341 544 389 leni
556 340 605 389 fruit
616 346 703 387 austro

109 440 207 496 captus,
222 439 250 478 nt
263 431 347 479 aiebat
360 444 439 479 cenae
458 437 544 493 pater:
565 430 634 477 aeria
646 429 740 476 circum

108 522 206 584 rapula,
222 520 346 579 lactucae,
361 518 469 577 radices,
485 519 573 580 qualia
589 518 686 565 lassum

109 610 251 672 pervellunt
263 608 431 667 stomachum,
447 608 520 665 siser,
535 607 611 665 allec,
626 604 729 653 faecula
742 601 807 651 Coa.

64 707 94 746 10
110 697 149 745 his
162 697 206 745 ubi
219 698 325 745 sublatis
339 711 402 759 puer
414 697 465 744 alte
478 696 577 745 cinctus
591 708 710 743 acernam

8 770 9 773 Ἴ
108 800 221 848 gausape
234 799 363 848 purpureo
375 799 491 833 mensam
503 784 631 847 pertersit,
647 789 672 831 et
684 783 751 830 alter

108 874 219 936 sublegit
232 874 413 936 quodcumque
425 875 521 922 iaceret
533 873 623 920 inutile
636 872 758 934 quodque

107 972 195 1025 posset
206 963 321 1010 cenantis
334 961 471 1020 offendere,
487 969 516 1008 ut
528 961 617 1009 Attica
628 961 700 1021 virgo

108 1065 167 1099 cum
179 1051 258 1098 sacris
271 1049 370 1098 Cereris
383 1050 500 1112 procedit
510 1049 597 1097 fuscus
611 1048 745 1111 Hydaspes

63 1148 92 1189 15
109 1139 228 1188 Caecuba
240 1139 300 1186 vina
311 1138 405 1197 ferens,
420 1139 507 1185 Alcon
521 1138 613 1186 Chium
625 1138 702 1185 maris
716 1151 817 1199 expers.

107 1229 150 1275 hic
163 1242 220 1277 erus
232 1227 389 1285 “Albanum,
404 1227 551 1284 Maecenas,
568 1226 620 1275 sive
633 1226 770 1274 Falernum

108 1324 133 1364 te
144 1316 226 1378 magis
238 1315 362 1379 adpositis
375 1316 493 1373 delectat,
509 1315 632 1362 habemus
645 1314 807 1376 utrumque.''

109 1404 209 1452 divitias
221 1405 327 1453 miseras
338 1406 344 1452 l
364 1405 409 1453 sed
424 1405 480 1467 quis
494 1403 646 1452 cenantibus
658 1417 719 1462 una,

107 1493 235 1553 Fundani,
250 1494 356 1556 pulchre
368 1493 445 1542 suerit
457 1493 512 1552 tibi,
528 1506 605 1540 nosse
618 1492 719 1540 laboro.

59 1590 92 1630 20
107 1581 229 1629 ‘summus
242 1596 300 1644 ego,
310 1589 337 1630 et
347 1596 428 1645 prope
435 1596 476 1630 me
483 1581 575 1629 Viscus
582 1581 721 1640 Thurinus,
732 1588 758 1630 et
767 1580 843 1639 iufra,

109 1668 129 1715 si
143 1669 254 1726 memini,
270 1669 373 1727 Varius,
389 1684 446 1717 cum
459 1668 568 1719 Servilio
581 1670 721 1719 Balatrone

108 1756 234 1814 Vibidius,
249 1771 313 1818 quas
326 1757 463 1805 Maecenas
477 1758 620 1806 adduxerat
631 1759 742 1806 umbras.

107 1845 283 1894 Nomentanus
298 1851 352 1892 erat
364 1859 441 1908 super
453 1847 546 1908 ipsum,
562 1846 667 1894 Porcius
679 1847 755 1903 infra,

108 1934 228 1982 ridiculus
242 1940 309 1981 totas
322 1934 396 1981 simul
410 1935 548 1982 absorbere
562 1935 703 1996 placentas.
808 1924 810 1931 ’

61 2033 93 2074 25
107 2024 284 2072 Nomentanus
297 2023 329 2070 ad
342 2023 401 2082 hoc,
417 2024 470 2085 qui,
486 2023 570 2086 siquid
587 2023 655 2072 sorte
666 2024 767 2081 lateret,

107 2113 192 2160 indice
205 2119 360 2161 monstraret
372 2112 470 2176 digito:
485 2127 546 2160 nam
559 2122 643 2162 cetera
654 2114 738 2172 turba,

108 2215 165 2260 nos,
179 2201 293 2264 inquam,
309 2215 430 2250 canamus
443 2202 505 2261 avis,
521 2202 664 2263 conchylia,
680 2201 767 2264 piscis,

108 2291 187 2353 longe
201 2291 351 2339 dissimilem
363 2300 426 2341 noto
440 2291 554 2339 celantia
563 2305 667 2351 sucum,

108 2388 136 2427 ut
148 2380 188 2427 vel
201 2379 324 2428 continuo
337 2381 426 2442 patuit,
443 2394 501 2428 oum
514 2380 625 2443 passeris
638 2388 715 2442 atque

62 2474 92 2515 30
106 2467 238 2529 ingustata
249 2468 311 2516 mihi
324 2476 475 2530 porrexerat
487 2468 532 2515 ilia
544 2467 654 2515 rhombi.

108 2556 228 2617 posthoc
240 2570 282 2605 me
296 2557 383 2604 docuit
395 2557 524 2605 melimela
536 2556 766 2608 rubercminorem

108 2642 141 2690 ad
154 2644 242 2692 lunam
255 2644 369 2693 delecta:
392 2645 453 2707 quid
466 2644 517 2692 hoc
529 2644 638 2703 intersit,
655 2644 687 2692 ab
700 2645 758 2707 ipso
