1917 3117
319 467 350 546 Q.
369 467 508 535 scanni
531 466 651 533 arten

140 617 222 706 DE
266 616 457 706 ARTE
501 613 837 707 POETICA

435 809 535 846 LIBER.

122 965 242 1013 Humano
255 965 332 1027 capiti
344 965 466 1013 cervicem
483 965 568 1028 pictor
581 963 700 1026 equinam

122 1054 229 1116 iungere
241 1053 263 1100 si
277 1054 338 1102 velit
350 1062 376 1102 et
387 1055 471 1101 varias
484 1054 605 1102 inducere
618 1055 718 1117 plumas

123 1142 237 1204 undique
250 1142 350 1190 collatis
362 1142 492 1201 membris,
508 1150 536 1190 ut
548 1143 654 1205 turpiter
666 1151 749 1190 atrum

124 1230 224 1278 desinat
235 1231 261 1278 in
274 1233 372 1294 piscem
384 1231 475 1279 mulier
488 1230 603 1279 formosa
615 1246 735 1294 superne,

97 1328 109 1366 5
124 1327 265 1382 spectatum
279 1319 383 1367 admissi
395 1319 473 1366 risum
486 1319 596 1366 teneatis
609 1318 703 1367 amici?

125 1408 227 1466 credite,
243 1408 362 1467 Pisones,
376 1408 419 1455 isti
431 1408 535 1456 tabulae
547 1407 604 1457 fore
617 1409 709 1456 librum

123 1496 279 1559 permisilem
293 1498 363 1544 cuius
378 1498 448 1545 velut
461 1497 532 1559 aegri
545 1498 645 1544 somnia
657 1511 739 1545 vanae

124 1585 253 1646 fingentur
266 1586 372 1646 species,
388 1593 416 1633 ut
429 1599 477 1633 nec
490 1600 536 1648 pes
549 1600 597 1633 nec
610 1592 687 1647 caput
699 1585 743 1632 uni

123 1672 244 1720 reddatur
256 1672 363 1721 formae.
393 1672 534 1736 pictoribus
547 1683 624 1736 atque
637 1674 719 1736 poetis

80 1768 109 1810 ιο
123 1760 249 1823 quidlibet
260 1762 371 1810 audendi
385 1776 486 1824 semper
497 1762 545 1810 fuit
558 1776 642 1824 aequa
653 1770 775 1825 potestas.

123 1850 231 1909 scimus,
252 1856 276 1897 et
293 1850 360 1899 hauc
373 1851 473 1899 veniam
486 1852 648 1914 petimusque
662 1851 802 1912 damusque
816 1852 852 1899 vi-

488 1954 587 1998 c1ss1m3

125 2028 169 2076 sed
182 2042 235 2075 non
248 2036 275 2075 ut
289 2027 396 2089 placidis
409 2036 504 2075 coeant
514 2027 621 2086 inmitia,
637 2041 691 2074 non
703 2033 731 2073 ut

124 2124 254 2179 serpentes
268 2117 355 2164 avibus
369 2116 538 2178 geminentur,
554 2115 662 2177 tigribus
677 2115 747 2177 agni.

123 2204 232 2267 inceptis
244 2204 362 2267 gravibus
375 2205 525 2267 plerumque
539 2211 564 2251 et
576 2217 671 2265 magna
684 2202 808 2265 professis

80 2301 109 2340 15
123 2308 274 2356 purpureus,
291 2293 343 2339 late
356 2292 399 2354 qui
412 2291 557 2354 splendeat,
573 2307 640 2338 unus
653 2300 679 2339 et
692 2292 756 2339 alter

124 2380 238 2428 adsuitur
251 2394 352 2443 pannus
366 2395 423 2427 cum
437 2381 509 2428 lucus
523 2386 548 2427 et
560 2393 605 2426 ara
617 2378 718 2427 Dianae

125 2475 150 2515 ct
163 2469 324 2529 properantis
338 2483 420 2529 aquae
432 2481 478 2530 per
490 2481 613 2515 amoenos
627 2467 736 2515 ambitus
749 2481 837 2528 agros,

123 2562 167 2601 aut
178 2554 273 2601 flumen
286 2554 413 2613 Rhenum,
429 2565 473 2602 aut
486 2555 585 2618 pluvius
599 2555 750 2603 describitur
763 2569 849 2602 arcus.

124 2640 169 2687 scd
181 2655 251 2687 nunc
260 2655 313 2688 non
324 2649 378 2689 crat
387 2643 425 2689 his
436 2643 519 2690 locus.
540 2655 566 2690 et
576 2642 687 2692 fortasse
698 2658 853 2706 cupressum
