1917 3117
383 193 595 232 EPISTULARUM

469 509 505 557 X.

124 703 202 753 Urbis
215 711 358 752 amatorem
368 704 480 752 Fuscum
492 704 591 752 salvere
603 704 720 753 iubemus

125 794 190 840 ruris
202 801 338 841 amatores.
365 793 415 840 hue
426 792 454 840 in
467 807 495 841 re
507 792 605 842 scilieet
615 808 668 841 una

126 882 235 930 multum
247 880 392 939 dissimiles,
406 888 434 928 at
444 888 531 930 cetera
543 895 611 944 pene
623 882 735 944 gemelli,

126 970 245 1018 fraternis
259 969 359 1028 animis,
374 969 498 1031 quidquid
510 978 590 1032 negat
602 971 675 1030 ulter,
690 978 717 1019 et
726 971 802 1031 alter,

98 1070 112 1107 5
126 1058 261 1106 adnuimus
273 1057 382 1120 puriter:
403 1059 482 1106 vetuli
494 1058 601 1120 notique
614 1058 735 1119 columbi,

125 1155 153 1195 tu
166 1146 253 1194 nidum
265 1159 358 1204 servus,
374 1159 424 1207 ego
437 1145 516 1194 laudo
529 1146 595 1194 run’s
607 1147 710 1195 amoeni

125 1236 192 1283 rivos
205 1243 231 1283 et
242 1248 331 1282 musco
344 1234 487 1282 circumlita
499 1249 562 1283 saxa
572 1249 723 1298 nemusque.

125 1324 186 1387 quid
199 1322 319 1387 quaeris?
337 1323 393 1371 vivo
407 1330 433 1371 et
444 1337 536 1385 regno,
551 1323 627 1371 simul
639 1325 689 1372 ista
700 1325 792 1388 reliqui

127 1427 251 1475 quassos
264 1412 297 1459 ud
310 1412 410 1460 eaelum
422 1410 518 1460 effertis
531 1426 634 1460 rumore
647 1414 770 1472 seeundo,

81 1509 111 1550 lo
125 1508 204 1563 utque
217 1501 358 1548 sacerdotis
371 1500 493 1562 fugitivus
505 1501 559 1548 libe
571 1515 671 1560 recuso,

124 1603 192 1652 pune
205 1603 269 1651 egee
281 1589 334 1636 ium
345 1588 448 1636 mellitis
460 1589 562 1652 potiore
574 1590 710 1653 placentis.

125 1677 207 1725 vivere
218 1685 326 1725 naturae
339 1677 361 1724 si
374 1677 558 1727 convenienter
570 1686 673 1741 opertet

123 1767 311 1829 ponendaeque
325 1765 402 1814 domo
416 1767 565 1828 quaerenda
576 1774 616 1814 est
627 1781 688 1815 area
699 1766 820 1830 primum,

124 1854 251 1903 novistine
264 1856 349 1903 locum
361 1854 490 1918 potiorem
502 1870 560 1904 rure
573 1856 666 1904 beate?

79 1951 109 1992 lu
124 1952 163 1992 est
174 1943 217 1991 ubi
231 1943 289 2006 plus
302 1951 405 2006 tepeant
419 1943 523 2002 hiemes,
539 1944 582 1992 ubl
595 1944 692 2006 gratior
704 1958 765 1992 aura

123 2032 202 2080 leniet
214 2039 240 2080 el
251 2031 348 2080 rabiem
360 2031 431 2078 esuis
444 2039 470 2079 et
482 2040 613 2081 momenta
625 2033 718 2090 leonis,

122 2135 180 2169 eum
192 2120 272 2169 semel
284 2121 383 2183 aceepit
396 2120 478 2168 solem
492 2119 644 2168 furibundus
657 2120 776 2169 acutum?

123 2217 161 2258 est
173 2209 216 2257 ubi
230 2209 333 2257 divellat
346 2223 452 2257 somnos
463 2209 549 2256 minus
561 2209 648 2256 invidu
662 2208 741 2257 eura?

122 2297 233 2346 deterius
246 2297 349 2358 Libyeis
362 2298 416 2346 olet
427 2305 472 2345 aut
484 2297 548 2346 nitet
560 2298 639 2348 herbe
650 2296 764 2361 lapillis?

75 2394 107 2434 20
122 2388 209 2448 purior
221 2386 248 2433 in
261 2386 322 2434 vicis
334 2400 403 2448 equa
413 2386 496 2434 tendit
507 2400 626 2449 rumpere
637 2386 780 2448 plumbum,

123 2489 200 2535 quem
206 2488 272 2536 quae
279 2488 325 2536 per
331 2474 560 2537 pronumlrepidat
566 2488 624 2522 eum
630 2474 870 2523 murmurerivum?

122 2575 214 2623 nempe
226 2562 387 2610 intervenias
401 2563 511 2610 nutritur
522 2562 586 2608 silvu
599 2562 742 2620 columnas,

121 2648 290 2710 laudaturque
302 2650 393 2698 domus
406 2650 501 2712 longos
515 2664 581 2712 quae
593 2650 717 2714 prospicit
728 2665 818 2713 agros.
