1917 3117
418 205 508 243 LIBER
521 206 541 242 1.

119 362 163 425 qui
176 376 209 410 ne
221 361 351 411 tuberibus
365 362 474 424 propriis
488 360 602 408 offendat
615 360 724 408 amicum

119 451 240 513 postulat,
254 449 372 511 ignoscet
384 450 496 498 verrucis
509 450 592 498 iilius:
615 457 749 510 aequumst

73 547 85 586 Ἰ
92 548 104 587 5
119 539 230 601 peccatis
243 539 344 587 veniam
356 547 507 601 poscentem
518 538 625 586 reddere
637 551 733 585 rursus.

119 627 238 689 denique,
254 635 379 688 quatenus
394 627 477 676 excidi
490 627 590 689 penitus
603 626 689 673 vitium
700 626 762 684 irae,

87 717 89 720 ’
119 724 202 764 cetera
213 715 275 763 item
288 722 419 778 nequeunt
431 716 515 763 stultis
528 715 668 773 haerentia,
683 728 728 761 eur
740 727 794 760 non

119 803 275 867 ponderibus
288 804 450 866 modulisque
462 804 515 851 suis
528 803 593 852 ratio
606 803 694 862 utitur,
710 816 741 849 ae
752 816 794 850 res

118 901 146 940 ut
158 906 276 954 quaeque
288 900 327 940 est
338 892 375 939 ita
386 892 518 954 suppliciis
532 893 625 941 delicta
637 890 754 940 coercet?

72 990 104 1030 80
119 981 197 1043 siquis
211 994 269 1029 eum
282 994 390 1038 servum,
406 981 520 1043 patinam
533 981 577 1043 qui
590 981 681 1029 tollere
692 981 776 1027 iussus

118 1082 231 1117 semesos
245 1068 321 1130 piscis
332 1068 500 1131 tepidumque
512 1068 649 1131 ligurrierit
661 1069 710 1127 ius,

118 1158 145 1205 in
157 1171 231 1205 eruce
244 1154 354 1218 suffigat,
369 1156 492 1205 Labeone
503 1157 620 1205 insanior
634 1157 701 1204 inter

119 1259 197 1292 sanos
211 1245 316 1292 dicatur.
344 1253 440 1306 quanto
453 1244 505 1292 hoe
517 1244 636 1293 furiosius
650 1253 726 1305 atque

119 1333 201 1381 maius
214 1339 347 1395 peceatum
360 1333 413 1380 est!
434 1333 550 1395 paullum
563 1333 670 1395 deliquit
682 1331 778 1379 amicus

73 1430 104 1469 ee
120 1421 201 1484 (qnod
214 1421 264 1468 nisi
277 1423 413 1481 concedas,
428 1423 540 1471 habeare
551 1420 690 1483 insuavis):
713 1420 820 1467 acerbus

120 1510 195 1558 odisti
209 1517 233 1558 et
245 1510 313 1573 fugis
325 1519 354 1559 ut
365 1511 498 1559 Rusonem
510 1510 610 1559 debitor
622 1509 698 1568 aeris,

119 1598 163 1660 qui
175 1597 235 1656 nisi,
251 1613 309 1645 eum
320 1600 405 1647 tristes
417 1600 512 1647 misero
525 1613 618 1647 venere
631 1598 764 1658 calendae,

119 1686 263 1734 mercedem
275 1692 319 1732 ant
330 1701 449 1734 nummos
461 1688 531 1735 unde
542 1687 611 1734 unde
618 1686 733 1746 extricat,
743 1700 842 1733 amaras

121 1780 240 1836 porrecto
253 1773 341 1834 iugulo
355 1773 475 1821 historias
489 1775 602 1836 captivus
615 1782 642 1822 ut
655 1775 734 1823 audit.

72 1868 104 1911 90
120 1860 262 1908 conminxit
274 1861 368 1908 loetum
380 1870 455 1923 potus
467 1876 587 1910 mensave
600 1862 714 1910 catillum

119 1948 235 1996 Euandri
246 1949 363 1997 manibus
376 1949 463 1997 tritum
476 1950 583 1998 deiecit:
606 1952 639 1998 ob
652 1950 720 1998 hano
731 1931 794 2009 rem,

120 2045 164 2085 aut
176 2037 288 2099 positum
300 2045 360 2086 ante
372 2052 429 2086 mea
447 2038 508 2100 qiua
521 2038 619 2101 pullum
631 2038 657 2085 in
672 2046 743 2100 parte
756 2038 833 2086 catini

121 2124 221 2174 sustulit
233 2125 356 2184 esuriens,
372 2126 456 2173 minus
471 2126 520 2174 hoe
532 2126 658 2174 iucundus
672 2126 767 2174 amicus

119 2213 152 2262 sit
165 2214 246 2262 mihi?
263 2214 323 2277 quid
337 2213 439 2274 saoiam,
456 2214 477 2262 si
490 2216 585 2263 furtum
598 2214 698 2273 feeerit,
714 2215 791 2261 antei

73 2311 105 2352 95
119 2301 261 2365 prodiderit
272 2302 402 2351 conmissa
415 2304 464 2353 fide
483 2318 639 2366 sponsumve
651 2301 768 2365 negarit?

120 2390 177 2452 quis
190 2391 262 2453 paria
274 2405 330 2439 esse
342 2391 397 2440 fere
409 2392 507 2454 placuit
519 2399 634 2454 peecata,
651 2391 778 2449 laborant,

120 2492 178 2527 eum
196 2487 298 2528 ventum
316 2479 348 2527 ad
366 2494 453 2529 verum
473 2488 524 2529 est:
544 2494 635 2528 sensus
651 2494 788 2543 moresque
806 2494 846 2529 re·

481 2577 607 2631 pugnant,

121 2662 198 2718 atque
209 2656 268 2719 ipsa
279 2657 385 2717 utilitas,
400 2658 459 2705 iusti
472 2672 553 2721 prope
566 2666 649 2706 mater
662 2665 687 2706 et
699 2657 783 2720 aequit
