1917 3117
134 195 187 246 320
388 198 602 237 nmaruusauu

133 355 260 404 adsciscet
272 370 348 414 nova,
363 368 429 417 quae
441 355 545 417 genitor
556 354 705 417 produxerit
717 369 790 401 usus.

72 450 119 492 120
133 457 238 491 vemens
251 451 276 492 et
288 443 399 506 liquidus
411 458 528 506 puroque
541 444 683 491 simillimus
696 442 766 490 amni

134 532 225 580 fundet
237 546 299 594 opes
312 531 464 594 Latiumque
477 532 564 580 beabit
577 531 653 579 divite
666 532 769 593 lingua3

134 621 292 668 luxuriantia
304 629 450 682 conpescet,
466 619 541 667 nimis
554 634 647 682 aspera
659 634 723 667 sano

134 709 228 757 levabit
242 710 320 765 cultu,
337 707 429 755 virtute
442 709 557 757 carentia
568 709 650 766 tollet,

134 797 246 845 ludentis
259 796 371 859 speciem
384 795 455 843 debit
467 806 492 844 et
504 796 665 858 torquebitur
681 796 765 858 utqui

72 893 119 934 125
134 900 203 933 nunc
216 884 343 946 Satyrum,
358 898 427 931 nunc
440 893 567 946 agrestem
580 884 694 947 Cyclopa
708 892 836 933 movetur.

133 974 299 1037 praetulerim
311 974 421 1035 scriptor
434 972 529 1021 delirus
542 972 664 1034 inersque
675 973 762 1031 videri,

135 1062 196 1110 dum
207 1077 265 1110 mea
277 1062 405 1110 delectent
418 1061 486 1108 mala
499 1061 592 1108 merel
606 1060 715 1123 denique
729 1060 833 1121 fallant,

135 1165 213 1212 quam
226 1165 317 1213 sapere
330 1158 356 1198 et
367 1148 451 1212 ringil
465 1148 513 1196 fuit
525 1148 594 1198 haud
607 1149 728 1210 ignobilis
741 1150 821 1212 Argis

135 1240 179 1301 qui
192 1254 220 1288 se
232 1240 354 1288 credebat
365 1238 444 1286 miros
457 1237 545 1285 audire
558 1238 697 1299 tragoedos

72 1335 120 1377 1311
134 1327 163 1375 in
175 1342 256 1376 vacuo
269 1329 349 1375 laetus
363 1341 449 1375 sessor
461 1326 618 1389 plausorque
631 1326 746 1386 theatr03

134 1424 219 1465 cetera
232 1417 275 1479 qui
288 1416 353 1465 vitae
366 1422 478 1463 servaret
489 1415 578 1462 munia
591 1424 660 1462 recto

134 1519 215 1564 more,
231 1505 313 1552 bouus
327 1518 389 1552 sane
401 1503 508 1562 vicinus,
525 1503 642 1551 amabilis
660 1503 764 1566 hospes,

135 1593 214 1641 comis
226 1593 254 1640 in
267 1607 380 1651 uxorem,
404 1599 492 1654 posset
504 1592 547 1654 qui
559 1591 693 1653 ignoscere
704 1592 784 1639 servis

135 1690 160 1729 et
172 1682 247 1743 signo
260 1683 332 1730 laeso
346 1696 398 1729 non
411 1681 525 1729 insanire
538 1681 656 1741 lagenae,

71 1776 119 1818 135
135 1776 224 1831 posset
237 1769 281 1831 qui
294 1782 383 1830 rupem
395 1776 420 1816 et
433 1777 537 1831 puteum
549 1769 630 1816 vitare
643 1775 783 1831 patentem.

134 1857 176 1905 hic
188 1857 232 1905 ubi
245 1864 414 1918 cognatorum
427 1857 519 1919 opibus
533 1858 650 1919 curisque
662 1857 772 1906 resectus

135 1946 234 2008 expulit
247 1946 362 1994 elleboro
375 1947 492 1994 morbum
505 1946 634 2008 bilemque
645 1959 758 2003 meraco,

136 2041 161 2081 et
173 2033 239 2082 redit
251 2035 283 2081 ad
297 2048 362 2092 sese,
377 2033 431 2095 ‘pol
443 2048 485 2081 me
498 2034 635 2091 occidistis,
652 2033 734 2090 amici,

135 2137 189 2170 non
202 2123 328 2171 servastis'
340 2122 383 2179 ait,
399 2122 449 2170 ‘cui
461 2122 499 2169 sic
512 2130 611 2170 extorta
624 2123 743 2184 voluptas

71 2218 120 2259 111)
136 2219 161 2258 et
174 2211 290 2274 demptus
303 2211 412 2274 pervim
424 2212 516 2259 mentis
529 2211 687 2274 gratissimus
700 2210 792 2258 error.'

136 2299 254 2347 nimirum
267 2314 357 2362 sapere
370 2309 408 2348 est
420 2300 526 2348 abiectis
540 2300 602 2348 utile
615 2299 699 2360 nugis,

135 2395 160 2435 et
172 2388 350 2449 tempestivum
363 2389 449 2450 pueris
461 2389 603 2436 concedere
614 2388 711 2444 ludum,

136 2489 166 2521 ac
180 2489 233 2521 non
246 2476 323 2522 verbe
336 2476 408 2537 sequi
422 2477 513 2524 fidibus
526 2475 684 2524 modulanda
697 2473 808 2532 Latinis,

136 2562 180 2608 sed
194 2575 270 2610 verae
283 2578 454 2626 numerosque
466 2565 611 2627 modosque
624 2565 736 2613 ediscere
748 2563 827 2611 vitae.

70 2655 120 2694 145
135 2649 256 2709 quocirca
267 2664 369 2700 mecum
380 2653 472 2715 loquor
485 2653 549 2700 haec
562 2654 703 2715 tacitusque
716 2650 858 2700 recordor:
