<?xml version="1.0" encoding="UTF-8"?>
<!DOCTYPE html PUBLIC "-//W3C//DTD XHTML 1.0 Transitional//EN"
    "http://www.w3.org/TR/xhtml1/DTD/xhtml1-transitional.dtd">
<html xmlns="http://www.w3.org/1999/xhtml" xml:lang="en" lang="en">
 <head>
  <title>
</title>
<meta http-equiv="Content-Type" content="text/html;charset=utf-8" />
  <meta name='ocr-system' content='tesseract 3.04.00' />
  <meta name='ocr-capabilities' content='ocr_page ocr_carea ocr_par ocr_line ocrx_word'/>
</head>
<body>
  <div class='ocr_page' id='page_1' title='image "./opera00haupgoog_0182.png"; bbox 0 0 1917 3117; ppageno 0'>
   <div class='ocr_carea' id='block_1_1' title="bbox 142 172 572 221">
    <p class='ocr_par' dir='ltr' id='par_1_1' title="bbox 142 172 572 221">
     <span class='ocr_line' id='line_1_1' title="bbox 142 172 572 221; baseline -0.007 -7"><span class='ocrx_word' id='word_1_1' title='bbox 142 172 193 221; x_wconf 63' lang='lat'><strong>158</strong></span> <span class='ocrx_word' id='word_1_2' title='bbox 453 174 572 213; x_wconf 77' lang='lat' dir='ltr'>EPODON</span> 
     </span>
    </p>
   </div>
   <div class='ocr_carea' id='block_1_2' title="bbox 91 332 754 2708">
    <p class='ocr_par' dir='ltr' id='par_1_2' title="bbox 91 332 754 2708">
     <span class='ocr_line' id='line_1_2' title="bbox 140 332 517 394; baseline 0 -14"><span class='ocrx_word' id='word_1_3' title='bbox 140 346 224 394; x_wconf 87' lang='lat' dir='ltr'><strong>neque</strong></span> <span class='ocrx_word' id='word_1_4' title='bbox 237 333 323 380; x_wconf 84' lang='lat' dir='ltr'><strong>horret</strong></span> <span class='ocrx_word' id='word_1_5' title='bbox 333 332 425 380; x_wconf 89' lang='lat' dir='ltr'><strong>iratum</strong></span> <span class='ocrx_word' id='word_1_6' title='bbox 437 347 517 391; x_wconf 86' lang='lat' dir='ltr'><strong>mare,</strong></span> 
     </span>
     <span class='ocr_line' id='line_1_3' title="bbox 141 420 611 484; baseline 0 -16"><span class='ocrx_word' id='word_1_7' title='bbox 141 420 276 484; x_wconf 79' lang='lat' dir='ltr'><strong>forumque</strong></span> <span class='ocrx_word' id='word_1_8' title='bbox 288 421 349 470; x_wconf 86' lang='lat' dir='ltr'><strong>vitat</strong></span> <span class='ocrx_word' id='word_1_9' title='bbox 361 430 386 469; x_wconf 87' lang='lat' dir='ltr'><strong>et</strong></span> <span class='ocrx_word' id='word_1_10' title='bbox 398 423 507 483; x_wconf 86' lang='lat' dir='ltr'><strong>superba</strong></span> <span class='ocrx_word' id='word_1_11' title='bbox 519 422 611 469; x_wconf 83' lang='lat' dir='ltr'><strong>civium</strong></span> 
     </span>
     <span class='ocr_line' id='line_1_4' title="bbox 141 510 423 574; baseline -0.014 -14"><span class='ocrx_word' id='word_1_12' title='bbox 141 511 313 574; x_wconf 83' lang='lat' dir='ltr'><strong>potentiorum</strong></span> <span class='ocrx_word' id='word_1_13' title='bbox 326 510 423 558; x_wconf 89' lang='lat' dir='ltr'><strong>limina.</strong></span> 
     </span>
     <span class='ocr_line' id='line_1_5' title="bbox 142 598 616 662; baseline 0.002 -16"><span class='ocrx_word' id='word_1_14' title='bbox 142 613 204 662; x_wconf 83' lang='lat' dir='ltr'><strong>ergo</strong></span> <span class='ocrx_word' id='word_1_15' title='bbox 218 607 262 647; x_wconf 86' lang='lat' dir='ltr'><strong>aut</strong></span> <span class='ocrx_word' id='word_1_16' title='bbox 273 600 361 647; x_wconf 87' lang='lat' dir='ltr'><strong>adulta</strong></span> <span class='ocrx_word' id='word_1_17' title='bbox 372 598 459 646; x_wconf 87' lang='lat' dir='ltr'><strong>vitium</strong></span> <span class='ocrx_word' id='word_1_18' title='bbox 471 600 616 661; x_wconf 81' lang='lat' dir='ltr'>propagine</span> 
     </span>
     <span class='ocr_line' id='line_1_6' title="bbox 92 688 455 751; baseline -0.008 -14"><span class='ocrx_word' id='word_1_19' title='bbox 92 697 121 737; x_wconf 83' lang='lat'><strong>10</strong></span> <span class='ocrx_word' id='word_1_20' title='bbox 142 689 206 736; x_wconf 85' lang='lat' dir='ltr'><strong>altas</strong></span> <span class='ocrx_word' id='word_1_21' title='bbox 219 689 321 736; x_wconf 83' lang='lat' dir='ltr'><strong>maritat</strong></span> <span class='ocrx_word' id='word_1_22' title='bbox 334 688 455 751; x_wconf 85' lang='lat' dir='ltr'><strong>populos,</strong></span> 
     </span>
     <span class='ocr_line' id='line_1_7' title="bbox 142 777 601 838; baseline 0.002 -14"><span class='ocrx_word' id='word_1_23' title='bbox 142 785 186 825; x_wconf 87' lang='lat' dir='ltr'><strong>aut</strong></span> <span class='ocrx_word' id='word_1_24' title='bbox 199 778 225 825; x_wconf 92' lang='lat' dir='ltr'><strong>in</strong></span> <span class='ocrx_word' id='word_1_25' title='bbox 239 778 343 826; x_wconf 80' lang='lat' dir='ltr'><strong>reducta</strong></span> <span class='ocrx_word' id='word_1_26' title='bbox 355 777 420 825; x_wconf 81' lang='lat' dir='ltr'><strong>valle</strong></span> <span class='ocrx_word' id='word_1_27' title='bbox 433 778 601 838; x_wconf 79' lang='lat' dir='ltr'><strong>mugientium</strong></span> 
     </span>
     <span class='ocr_line' id='line_1_8' title="bbox 142 866 526 929; baseline 0 -16"><span class='ocrx_word' id='word_1_28' title='bbox 142 873 290 929; x_wconf 85' lang='lat' dir='ltr'><strong>prospectat</strong></span> <span class='ocrx_word' id='word_1_29' title='bbox 303 866 411 915; x_wconf 82' lang='lat' dir='ltr'><strong>errantis</strong></span> <span class='ocrx_word' id='word_1_30' title='bbox 425 881 526 928; x_wconf 82' lang='lat' dir='ltr'><strong>greges,</strong></span> 
     </span>
     <span class='ocr_line' id='line_1_9' title="bbox 141 955 596 1017; baseline -0.004 -13"><span class='ocrx_word' id='word_1_31' title='bbox 141 955 270 1004; x_wconf 86' lang='lat' dir='ltr'><strong>inutilisve</strong></span> <span class='ocrx_word' id='word_1_32' title='bbox 282 955 349 1003; x_wconf 82' lang='lat' dir='ltr'><strong>sulca</strong></span> <span class='ocrx_word' id='word_1_33' title='bbox 362 970 446 1002; x_wconf 85' lang='lat' dir='ltr'><strong>ramos</strong></span> <span class='ocrx_word' id='word_1_34' title='bbox 461 964 596 1017; x_wconf 74' lang='lat' dir='ltr'><strong>amputans</strong></span> 
     </span>
     <span class='ocr_line' id='line_1_10' title="bbox 141 1044 382 1102; baseline -0.004 -9"><span class='ocrx_word' id='word_1_35' title='bbox 141 1044 272 1093; x_wconf 83' lang='lat' dir='ltr'><strong>feliciores</strong></span> <span class='ocrx_word' id='word_1_36' title='bbox 285 1045 382 1102; x_wconf 85' lang='lat' dir='ltr'><strong>inserit,</strong></span> 
     </span>
     <span class='ocr_line' id='line_1_11' title="bbox 92 1132 705 1197; baseline -0.007 -14"><span class='ocrx_word' id='word_1_37' title='bbox 92 1142 122 1183; x_wconf 75' lang='lat'><strong>15</strong></span> <span class='ocrx_word' id='word_1_38' title='bbox 143 1142 187 1182; x_wconf 84' lang='lat' dir='ltr'><strong>aut</strong></span> <span class='ocrx_word' id='word_1_39' title='bbox 199 1147 287 1197; x_wconf 87' lang='lat' dir='ltr'><strong>pressa</strong></span> <span class='ocrx_word' id='word_1_40' title='bbox 299 1134 369 1195; x_wconf 90' lang='lat' dir='ltr'><strong>puris</strong></span> <span class='ocrx_word' id='word_1_41' title='bbox 382 1133 460 1181; x_wconf 89' lang='lat' dir='ltr'><strong>mella</strong></span> <span class='ocrx_word' id='word_1_42' title='bbox 473 1133 561 1181; x_wconf 89' lang='lat' dir='ltr'><strong>condit</strong></span> <span class='ocrx_word' id='word_1_43' title='bbox 573 1132 705 1196; x_wconf 79' lang='lat' dir='ltr'><strong>amphoris</strong></span> 
     </span>
     <span class='ocr_line' id='line_1_12' title="bbox 142 1222 498 1270; baseline 0.003 -1"><span class='ocrx_word' id='word_1_44' title='bbox 142 1230 186 1270; x_wconf 85' lang='lat' dir='ltr'><strong>aut</strong></span> <span class='ocrx_word' id='word_1_45' title='bbox 199 1222 290 1270; x_wconf 86' lang='lat' dir='ltr'><strong>tondet</strong></span> <span class='ocrx_word' id='word_1_46' title='bbox 301 1222 416 1270; x_wconf 88' lang='lat' dir='ltr'><strong>infirmas</strong></span> <span class='ocrx_word' id='word_1_47' title='bbox 430 1222 498 1270; x_wconf 88' lang='lat' dir='ltr'><strong>ovis:</strong></span> 
     </span>
     <span class='ocr_line' id='line_1_13' title="bbox 142 1311 691 1374; baseline -0.004 -14"><span class='ocrx_word' id='word_1_48' title='bbox 142 1312 182 1360; x_wconf 81' lang='lat' dir='ltr'><strong>vel</strong></span> <span class='ocrx_word' id='word_1_49' title='bbox 196 1327 253 1359; x_wconf 86' lang='lat' dir='ltr'><strong>eum</strong></span> <span class='ocrx_word' id='word_1_50' title='bbox 267 1311 388 1358; x_wconf 84' lang='lat' dir='ltr'><strong>decorum</strong></span> <span class='ocrx_word' id='word_1_51' title='bbox 401 1311 503 1358; x_wconf 91' lang='lat' dir='ltr'><strong>mitibus</strong></span> <span class='ocrx_word' id='word_1_52' title='bbox 518 1312 601 1374; x_wconf 86' lang='lat' dir='ltr'><strong>pomis</strong></span> <span class='ocrx_word' id='word_1_53' title='bbox 614 1318 691 1374; x_wconf 86' lang='lat' dir='ltr'><strong>caput</strong></span> 
     </span>
     <span class='ocr_line' id='line_1_14' title="bbox 142 1399 479 1462; baseline -0.003 -13"><span class='ocrx_word' id='word_1_54' title='bbox 142 1401 287 1449; x_wconf 73' lang='lat' dir='ltr'><strong>Autumnus</strong></span> <span class='ocrx_word' id='word_1_55' title='bbox 301 1399 368 1462; x_wconf 87' lang='lat' dir='ltr'><strong>agris</strong></span> <span class='ocrx_word' id='word_1_56' title='bbox 382 1400 479 1458; x_wconf 87' lang='lat' dir='ltr'><strong>extulit,</strong></span> 
     </span>
     <span class='ocr_line' id='line_1_15' title="bbox 142 1488 628 1552; baseline -0.004 -15"><span class='ocrx_word' id='word_1_57' title='bbox 142 1497 171 1537; x_wconf 87' lang='lat' dir='ltr'><strong>ut</strong></span> <span class='ocrx_word' id='word_1_58' title='bbox 183 1490 277 1552; x_wconf 87' lang='lat' dir='ltr'><strong>gaudet</strong></span> <span class='ocrx_word' id='word_1_59' title='bbox 288 1488 390 1536; x_wconf 88' lang='lat' dir='ltr'><strong>insitiva</strong></span> <span class='ocrx_word' id='word_1_60' title='bbox 403 1489 543 1552; x_wconf 87' lang='lat' dir='ltr'><strong>decerpens</strong></span> <span class='ocrx_word' id='word_1_61' title='bbox 556 1503 628 1551; x_wconf 84' lang='lat' dir='ltr'><strong>pyra,</strong></span> 
     </span>
     <span class='ocr_line' id='line_1_16' title="bbox 91 1585 557 1641; baseline -0.006 -14"><span class='ocrx_word' id='word_1_62' title='bbox 91 1587 122 1628; x_wconf 77' lang='lat' dir='ltr'><strong>tt</strong></span> <span class='ocrx_word' id='word_1_63' title='bbox 143 1586 282 1626; x_wconf 83' lang='lat' dir='ltr'><strong>certantem</strong></span> <span class='ocrx_word' id='word_1_64' title='bbox 295 1585 320 1627; x_wconf 85' lang='lat' dir='ltr'><strong>at</strong></span> <span class='ocrx_word' id='word_1_65' title='bbox 332 1593 407 1626; x_wconf 88' lang='lat' dir='ltr'><strong>uvam</strong></span> <span class='ocrx_word' id='word_1_66' title='bbox 421 1590 557 1641; x_wconf 79' lang='lat' dir='ltr'><strong>purpurae,</strong></span> 
     </span>
     <span class='ocr_line' id='line_1_17' title="bbox 143 1668 698 1730; baseline -0.004 -16"><span class='ocrx_word' id='word_1_67' title='bbox 143 1682 194 1730; x_wconf 88' lang='lat' dir='ltr'><strong>qua</strong></span> <span class='ocrx_word' id='word_1_68' title='bbox 206 1676 354 1715; x_wconf 77' lang='lat' dir='ltr'><strong>muneretur</strong></span> <span class='ocrx_word' id='word_1_69' title='bbox 371 1675 405 1726; x_wconf 87' lang='lat' dir='ltr'><strong>te,</strong></span> <span class='ocrx_word' id='word_1_70' title='bbox 420 1668 521 1730; x_wconf 84' lang='lat' dir='ltr'><strong>Priape,</strong></span> <span class='ocrx_word' id='word_1_71' title='bbox 539 1675 564 1714; x_wconf 84' lang='lat' dir='ltr'><strong>et</strong></span> <span class='ocrx_word' id='word_1_72' title='bbox 576 1674 609 1725; x_wconf 82' lang='lat' dir='ltr'><strong>te,</strong></span> <span class='ocrx_word' id='word_1_73' title='bbox 624 1676 698 1729; x_wconf 80' lang='lat' dir='ltr'><strong>pater</strong></span> 
     </span>
     <span class='ocr_line' id='line_1_18' title="bbox 143 1755 449 1815; baseline -0.01 -10"><span class='ocrx_word' id='word_1_74' title='bbox 143 1755 255 1815; x_wconf 78' lang='lat' dir='ltr'><strong>silvane,</strong></span> <span class='ocrx_word' id='word_1_75' title='bbox 271 1763 339 1803; x_wconf 87' lang='lat' dir='ltr'><strong>tutor</strong></span> <span class='ocrx_word' id='word_1_76' title='bbox 351 1756 449 1803; x_wconf 86' lang='lat' dir='ltr'><strong>finium.</strong></span> 
     </span>
     <span class='ocr_line' id='line_1_19' title="bbox 143 1844 651 1907; baseline -0.004 -14"><span class='ocrx_word' id='word_1_77' title='bbox 143 1846 206 1894; x_wconf 81' lang='lat' dir='ltr'><strong>libat</strong></span> <span class='ocrx_word' id='word_1_78' title='bbox 218 1846 300 1893; x_wconf 83' lang='lat' dir='ltr'><strong>iacere</strong></span> <span class='ocrx_word' id='word_1_79' title='bbox 313 1845 390 1892; x_wconf 89' lang='lat' dir='ltr'><strong>modo</strong></span> <span class='ocrx_word' id='word_1_80' title='bbox 405 1845 451 1892; x_wconf 88' lang='lat' dir='ltr'><strong>sub</strong></span> <span class='ocrx_word' id='word_1_81' title='bbox 465 1846 572 1907; x_wconf 88' lang='lat' dir='ltr'><strong>antiqua</strong></span> <span class='ocrx_word' id='word_1_82' title='bbox 584 1844 651 1903; x_wconf 84' lang='lat' dir='ltr'><strong>ilice,</strong></span> 
     </span>
     <span class='ocr_line' id='line_1_20' title="bbox 143 1934 494 1996; baseline -0.009 -13"><span class='ocrx_word' id='word_1_83' title='bbox 143 1936 221 1983; x_wconf 89' lang='lat' dir='ltr'><strong>modo</strong></span> <span class='ocrx_word' id='word_1_84' title='bbox 233 1935 261 1982; x_wconf 91' lang='lat' dir='ltr'><strong>in</strong></span> <span class='ocrx_word' id='word_1_85' title='bbox 274 1934 357 1983; x_wconf 85' lang='lat' dir='ltr'><strong>tenaci</strong></span> <span class='ocrx_word' id='word_1_86' title='bbox 371 1935 494 1996; x_wconf 87' lang='lat' dir='ltr'><strong>gramine.</strong></span> 
     </span>
     <span class='ocr_line' id='line_1_21' title="bbox 91 2022 626 2085; baseline -0.009 -12"><span class='ocrx_word' id='word_1_87' title='bbox 91 2032 122 2073; x_wconf 78' lang='lat' dir='ltr'><strong>ts</strong></span> <span class='ocrx_word' id='word_1_88' title='bbox 143 2024 263 2073; x_wconf 86' lang='lat' dir='ltr'><strong>labuntur</strong></span> <span class='ocrx_word' id='word_1_89' title='bbox 276 2023 333 2071; x_wconf 84' lang='lat' dir='ltr'><strong>altis</strong></span> <span class='ocrx_word' id='word_1_90' title='bbox 346 2023 448 2070; x_wconf 87' lang='lat' dir='ltr'><strong>interim</strong></span> <span class='ocrx_word' id='word_1_91' title='bbox 461 2022 521 2085; x_wconf 84' lang='lat' dir='ltr'><strong>ripis</strong></span> <span class='ocrx_word' id='word_1_92' title='bbox 535 2036 626 2084; x_wconf 85' lang='lat' dir='ltr'><strong>aquae,</strong></span> 
     </span>
     <span class='ocr_line' id='line_1_22' title="bbox 143 2112 486 2175; baseline -0.003 -16"><span class='ocrx_word' id='word_1_93' title='bbox 143 2120 283 2175; x_wconf 89' lang='lat' dir='ltr'><strong>queruntur</strong></span> <span class='ocrx_word' id='word_1_94' title='bbox 294 2112 321 2159; x_wconf 92' lang='lat' dir='ltr'><strong>in</strong></span> <span class='ocrx_word' id='word_1_95' title='bbox 335 2112 404 2160; x_wconf 87' lang='lat' dir='ltr'><strong>silvis</strong></span> <span class='ocrx_word' id='word_1_96' title='bbox 418 2126 486 2170; x_wconf 85' lang='lat' dir='ltr'><strong>ares,</strong></span> 
     </span>
     <span class='ocr_line' id='line_1_23' title="bbox 143 2200 754 2264; baseline -0.003 -15"><span class='ocrx_word' id='word_1_97' title='bbox 143 2201 279 2264; x_wconf 84' lang='lat' dir='ltr'><strong>fontesque</strong></span> <span class='ocrx_word' id='word_1_98' title='bbox 292 2200 402 2263; x_wconf 77' lang='lat' dir='ltr'><strong>lymphis</strong></span> <span class='ocrx_word' id='word_1_99' title='bbox 415 2201 568 2264; x_wconf 84' lang='lat' dir='ltr'><strong>obstrepunt</strong></span> <span class='ocrx_word' id='word_1_100' title='bbox 580 2201 754 2258; x_wconf 79' lang='lat' dir='ltr'><strong>manantibus,</strong></span> 
     </span>
     <span class='ocr_line' id='line_1_24' title="bbox 144 2289 515 2352; baseline -0.003 -14"><span class='ocrx_word' id='word_1_101' title='bbox 144 2305 248 2338; x_wconf 87' lang='lat' dir='ltr'><strong>somnos</strong></span> <span class='ocrx_word' id='word_1_102' title='bbox 261 2290 329 2352; x_wconf 87' lang='lat' dir='ltr'><strong>quod</strong></span> <span class='ocrx_word' id='word_1_103' title='bbox 341 2289 431 2338; x_wconf 84' lang='lat' dir='ltr'><strong>invitet</strong></span> <span class='ocrx_word' id='word_1_104' title='bbox 443 2290 515 2338; x_wconf 80' lang='lat' dir='ltr'><strong>levis.</strong></span> 
     </span>
     <span class='ocr_line' id='line_1_25' title="bbox 144 2378 675 2427; baseline -0.004 0"><span class='ocrx_word' id='word_1_105' title='bbox 144 2389 170 2427; x_wconf 85' lang='lat' dir='ltr'><strong>at</strong></span> <span class='ocrx_word' id='word_1_106' title='bbox 182 2393 239 2427; x_wconf 86' lang='lat' dir='ltr'><strong>cum</strong></span> <span class='ocrx_word' id='word_1_107' title='bbox 252 2378 364 2426; x_wconf 86' lang='lat' dir='ltr'><strong>tonantis</strong></span> <span class='ocrx_word' id='word_1_108' title='bbox 378 2393 460 2425; x_wconf 87' lang='lat' dir='ltr'><strong>annus</strong></span> <span class='ocrx_word' id='word_1_109' title='bbox 473 2379 594 2427; x_wconf 88' lang='lat' dir='ltr'><strong>hibernus</strong></span> <span class='ocrx_word' id='word_1_110' title='bbox 606 2378 675 2426; x_wconf 85' lang='lat' dir='ltr'><strong>Iovis</strong></span> 
     </span>
     <span class='ocr_line' id='line_1_26' title="bbox 92 2467 505 2530; baseline -0.007 -13"><span class='ocrx_word' id='word_1_111' title='bbox 92 2476 122 2517; x_wconf 77' lang='lat'><strong>30</strong></span> <span class='ocrx_word' id='word_1_112' title='bbox 143 2469 230 2516; x_wconf 85' lang='lat' dir='ltr'><strong>imbris</strong></span> <span class='ocrx_word' id='word_1_113' title='bbox 244 2467 358 2529; x_wconf 82' lang='lat' dir='ltr'><strong>nivisque</strong></span> <span class='ocrx_word' id='word_1_114' title='bbox 372 2475 505 2530; x_wconf 83' lang='lat' dir='ltr'><strong>conparat,</strong></span> 
     </span>
     <span class='ocr_line' id='line_1_27' title="bbox 144 2556 709 2605; baseline 0 -1"><span class='ocrx_word' id='word_1_115' title='bbox 144 2565 187 2604; x_wconf 84' lang='lat' dir='ltr'><strong>aut</strong></span> <span class='ocrx_word' id='word_1_116' title='bbox 199 2556 277 2604; x_wconf 88' lang='lat' dir='ltr'><strong>trudit</strong></span> <span class='ocrx_word' id='word_1_117' title='bbox 290 2556 356 2603; x_wconf 86' lang='lat' dir='ltr'><strong>acris</strong></span> <span class='ocrx_word' id='word_1_118' title='bbox 368 2557 427 2604; x_wconf 87' lang='lat' dir='ltr'><strong>hinc</strong></span> <span class='ocrx_word' id='word_1_119' title='bbox 441 2564 466 2605; x_wconf 81' lang='lat' dir='ltr'><strong>et</strong></span> <span class='ocrx_word' id='word_1_120' title='bbox 478 2556 539 2605; x_wconf 85' lang='lat' dir='ltr'><strong>hinc</strong></span> <span class='ocrx_word' id='word_1_121' title='bbox 551 2557 632 2604; x_wconf 85' lang='lat' dir='ltr'><strong>multa</strong></span> <span class='ocrx_word' id='word_1_122' title='bbox 644 2571 709 2604; x_wconf 82' lang='lat' dir='ltr'><strong>cane</strong></span> 
     </span>
     <span class='ocr_line' id='line_1_28' title="bbox 144 2645 510 2708; baseline 0.003 -16"><span class='ocrx_word' id='word_1_123' title='bbox 144 2659 219 2708; x_wconf 90' lang='lat' dir='ltr'><strong>apros</strong></span> <span class='ocrx_word' id='word_1_124' title='bbox 232 2645 258 2692; x_wconf 90' lang='lat' dir='ltr'><strong>in</strong></span> <span class='ocrx_word' id='word_1_125' title='bbox 273 2645 396 2693; x_wconf 84' lang='lat' dir='ltr'><strong>obstantis</strong></span> <span class='ocrx_word' id='word_1_126' title='bbox 410 2646 510 2708; x_wconf 86' lang='lat' dir='ltr'><strong>plagas,</strong></span> 
     </span>
    </p>
   </div>
   <div class='ocr_carea' id='block_1_3' title="bbox 0 0 964 3117">
    <p class='ocr_par' dir='ltr' id='par_1_3' title="bbox 0 0 964 3117">
     <span class='ocr_line' id='line_1_29' title="bbox 0 0 964 3117; baseline 0 0"><span class='ocrx_word' id='word_1_127' title='bbox 0 0 964 3117; x_wconf 95' lang='lat' dir='ltr'><strong> </strong></span> 
     </span>
    </p>
   </div>
  </div>
 </body>
</html>
