1917 3117
103 182 158 232 m
384 184 558 223 sarranium

106 349 151 390 aut
162 342 257 403 scripto
270 342 339 404 quod
351 355 393 389 me
406 342 510 389 tacitum
521 342 598 389 iuvat.
625 355 727 403 unguor
746 340 824 400 olivo,

105 445 159 478 non
173 444 225 491 quo
237 429 362 478 fraudatis
374 431 513 478 inmundus
525 429 602 477 Natta
614 429 734 477 lucernis.

43 526 90 567 125
107 525 147 567 ast
161 518 205 565 ubi
216 532 257 566 me
271 518 367 567 fossum
381 519 420 567 sol
434 518 517 566 acrior
529 517 566 566 iro
578 518 690 566 lavatum

107 606 249 665 admonuit,
264 606 336 669 fugio
350 621 469 669 eampum
483 607 620 668 lusumque
632 606 770 668 trigonam.

106 709 215 758 pransus
227 710 281 743 non
294 695 376 753 avide,
393 702 517 757 quantum
528 694 675 757 interpellat
686 694 758 741 inani

106 791 192 832 ventre
206 783 274 831 diem
287 784 386 843 durare,
403 784 558 831 domesticus
571 784 648 831 otior.
663 782 739 830 ·haac
751 791 790 830 ast

104 873 157 919 vita
169 872 312 920 solutorum
325 873 421 920 misera
433 871 573 919 ambitione
585 870 721 933 gravique3

44 967 91 1008 130
106 959 146 1007 his
159 975 200 1008 mo
214 961 337 1008 consolor
350 961 473 1008 victurum
487 960 588 1007 suavius
601 973 632 1007 ao
645 959 666 1006 si

107 1055 228 1110 quaestor
242 1055 382 1111 ovuspator
394 1056 470 1110 atque
483 1062 554 1096 meus
568 1047 829 1110 patruusquefuisset.

438 1419 498 1469 Vll.

106 1578 247 1642 Proscripti
260 1579 337 1642 Regis
350 1580 437 1642 Rupili
450 1594 498 1641 pus
511 1585 588 1641 atque
601 1593 726 1626 venenum

107 1667 215 1728 hybrida
228 1681 279 1729 quo
293 1675 368 1730 pacto
381 1668 415 1714 sit
425 1667 528 1715 Persius
540 1666 617 1724 ultus,
633 1667 726 1729 opinor

108 1756 227 1804 omuibus
240 1763 264 1803 ot
275 1756 352 1818 lippis
366 1763 455 1804 notum
468 1763 493 1803 et
510 1755 657 1804 tonsoribus
671 1769 735 1803 osso.

106 1844 208 1892 Persius
221 1844 263 1891 hic
276 1858 418 1906 permagna
429 1844 534 1905 negotia
548 1845 617 1892 divos
629 1844 740 1892 habebat

81 1941 94 1980 5
111 1931 282 1989 Clazomenis,
298 1939 323 1979 ot
335 1932 387 1979 iam
399 1931 451 1979 litis
464 1946 522 1979 oum
534 1932 605 1994 Rogo
617 1933 749 1989 molestas,

107 2020 185 2068 durus
199 2021 277 2069 homo
290 2030 367 2082 atquo
381 2021 442 2068 odio
455 2021 499 2082 qui
511 2028 599 2083 posset
610 2021 712 2068 vincere
724 2019 831 2081 Regem,
893 2062 896 2066 ,

107 2109 240 2157 confidens
253 2108 424 2170 tumidusque,
440 2109 506 2157 adeo
520 2109 645 2157 sermonis
659 2108 748 2166 amari,

108 2195 241 2256 Sisannas,
256 2197 352 2245 Barros
365 2204 392 2244 ut
405 2197 477 2259 equis
490 2205 667 2260 praecurreret
679 2196 754 2244 albis.

109 2286 140 2333 ad
153 2285 251 2348 Regem
263 2285 351 2333 redeo.
379 2292 517 2347 postquam
529 2286 593 2334 nihil
605 2286 672 2333 inter
685 2293 820 2345 utrumque

64 2380 92 2422 lo
107 2374 227 2422 convenit
239 2372 302 2435 (hoc
318 2374 413 2422 otouim
425 2382 486 2422 sunt
498 2386 587 2421 omnes
600 2373 653 2421 iure
666 2372 778 2430 molesti,

108 2476 159 2524 quo
172 2463 261 2520 fortes,
278 2463 369 2524 quibus
384 2462 517 2510 advorsum
535 2462 631 2510 bollum
643 2461 741 2509 incidit.
768 2460 836 2508 intor

107 2549 220 2597 Hectora
226 2550 379 2609 Priamiden,
390 2550 534 2598 animosum
540 2557 616 2612 atquo
632 2548 835 2598 intoerhillem

107 2637 146 2684 ira
158 2637 206 2685 suit
218 2638 343 2699 capitalis,
358 2645 386 2685 ut
399 2637 489 2686 ultimo
506 2638 629 2686 divideret
640 2651 719 2694 mors,
