1917 3117
150 219 185 271 93
442 221 605 261 corrumpar

152 395 217 444 quae
229 380 298 429 velut
309 387 401 428 nactae
413 380 507 429 vitulos
520 380 626 428 leaenae

151 470 266 533 singulos
280 469 345 518 eheu
357 469 484 518 lacerant:
507 484 554 531 ego
568 470 621 517 illis

150 558 254 606 mollior
268 572 315 606 uec
328 565 353 606 te
365 558 456 607 feriam
467 573 552 621 neque
564 559 633 606 intra

151 648 262 695 claustra
273 648 376 695 tenebo.

98 798 130 838 45
151 803 192 838 me
204 797 277 852 pater
289 789 369 838 saevis
383 796 474 838 oneret
486 789 593 849 eatenis,

151 880 220 942 quod
233 879 287 927 viro
300 880 413 928 clemens
426 880 520 929 misero
535 878 653 942 peperei3

150 983 191 1017 me
203 968 243 1017 vel
257 977 383 1018 extremos
396 968 563 1017 Numidarum
574 967 601 1016 in
614 981 692 1029 agros

151 1060 234 1107 classe
246 1058 351 1121 releget.

151 1201 159 1248 i
173 1200 250 1263 pedes
264 1214 315 1262 quo
328 1208 353 1249 te
366 1201 468 1263 rapiunt
482 1208 507 1248 et
519 1213 605 1259 aurae,

100 1296 131 1339 oo
152 1289 212 1337 dum
224 1288 291 1337 favet
304 1303 358 1336 nox
370 1295 394 1337 et
406 1287 504 1348 Venus,
519 1289 528 1338 i
541 1289 654 1338 secundo

152 1379 237 1426 omine
250 1385 276 1426 et
288 1377 368 1425 nostri
385 1392 525 1426 memorem
537 1379 656 1441 sepulcro

151 1467 238 1530 scalpe
254 1467 416 1530 querellam.²

492 1840 553 1889 XII.

151 1983 301 2032 Miserarum
314 1991 353 2032 est
365 1997 449 2046 neque
462 1984 542 2032 amon‘
556 1985 617 2033 dare
630 1985 718 2033 ludum
731 1999 816 2048 neque
830 1987 900 2036 dulei

186 2072 255 2120 mala
267 2072 326 2120 vino
339 2073 422 2121 lavere
436 2080 481 2121 aut
494 2073 635 2121 exanimari
648 2076 785 2123 metuentis

186 2169 291 2224 patruae
303 2162 408 2210 verbera
420 2163 533 2225 linguae.

150 2249 195 2298 tibi
208 2251 312 2312 qualum
325 2249 465 2312 Cythereae
478 2266 542 2314 puer
554 2252 616 2311 ales,
632 2253 677 2301 tibi
690 2253 755 2301 telas

117 2346 129 2386 5
186 2353 361 2402 operosaeque
373 2341 505 2389 Minervae
517 2340 627 2389 studium
640 2342 730 2402 aufert,
746 2343 874 2405 Neobule,

185 2426 304 2490 Liparaei
319 2429 387 2477 nitor
399 2430 486 2489 Hebri,

151 2516 226 2564 simul
238 2525 329 2566 unctos
342 2518 470 2567 Tiberinis
483 2533 584 2568 umeros
597 2519 659 2568 lavit
669 2520 697 2568 iu
709 2520 794 2580 undis,

186 2617 263 2667 eques
276 2606 332 2668 ipso
345 2607 437 2656 melior
449 2608 660 2671 Bellerophonte,
675 2623 760 2672 neque
773 2625 863 2674 pugno

185 2707 269 2756 neque
281 2695 354 2759 segni
366 2696 432 2760 pede
444 2696 539 2758 vietus3

926 2649 935 2674 l
