<?xml version="1.0" encoding="UTF-8"?>
<!DOCTYPE html PUBLIC "-//W3C//DTD XHTML 1.0 Transitional//EN"
    "http://www.w3.org/TR/xhtml1/DTD/xhtml1-transitional.dtd">
<html xmlns="http://www.w3.org/1999/xhtml" xml:lang="en" lang="en">
 <head>
  <title>
</title>
<meta http-equiv="Content-Type" content="text/html;charset=utf-8" />
  <meta name='ocr-system' content='tesseract 3.04.00' />
  <meta name='ocr-capabilities' content='ocr_page ocr_carea ocr_par ocr_line ocrx_word'/>
</head>
<body>
  <div class='ocr_page' id='page_1' title='image "./opera00haupgoog_0315.png"; bbox 0 0 1917 3117; ppageno 0'>
   <div class='ocr_carea' id='block_1_1' title="bbox 401 212 525 250">
    <p class='ocr_par' dir='ltr' id='par_1_1' title="bbox 401 212 525 250">
     <span class='ocr_line' id='line_1_1' title="bbox 401 212 525 250; baseline 0.016 -2"><span class='ocrx_word' id='word_1_1' title='bbox 401 212 492 250; x_wconf 74' lang='lat' dir='ltr'><strong>mlta</strong></span> <span class='ocrx_word' id='word_1_2' title='bbox 504 213 525 250; x_wconf 85' lang='lat'><strong>1.</strong></span> 
     </span>
    </p>
   </div>
   <div class='ocr_carea' id='block_1_2' title="bbox 57 366 886 959">
    <p class='ocr_par' dir='ltr' id='par_1_2' title="bbox 103 366 717 428">
     <span class='ocr_line' id='line_1_2' title="bbox 103 366 717 428; baseline 0.013 -16"><span class='ocrx_word' id='word_1_3' title='bbox 103 372 141 422; x_wconf 73' lang='lat' dir='ltr'><strong>ut,</strong></span> <span class='ocrx_word' id='word_1_4' title='bbox 156 379 317 428; x_wconf 88' lang='lat' dir='ltr'><strong>quocumque</strong></span> <span class='ocrx_word' id='word_1_5' title='bbox 329 366 388 414; x_wconf 93' lang='lat' dir='ltr'><strong>loco</strong></span> <span class='ocrx_word' id='word_1_6' title='bbox 401 366 487 426; x_wconf 80' lang='lat' dir='ltr'><strong>fucris,</strong></span> <span class='ocrx_word' id='word_1_7' title='bbox 502 369 597 417; x_wconf 81' lang='lat' dir='ltr'><strong>vixisse</strong></span> <span class='ocrx_word' id='word_1_8' title='bbox 608 370 717 420; x_wconf 79' lang='lat' dir='ltr'><strong>libenter</strong></span> 
     </span>
    </p>

    <p class='ocr_par' dir='ltr' id='par_1_3' title="bbox 57 455 886 872">
     <span class='ocr_line' id='line_1_3' title="bbox 57 455 886 519; baseline 0.01 -17"><span class='ocrx_word' id='word_1_9' title='bbox 57 462 88 502; x_wconf 71' lang='lat' dir='ltr'><strong>tt</strong></span> <span class='ocrx_word' id='word_1_10' title='bbox 103 455 220 503; x_wconf 83' lang='lat' dir='ltr'><strong>tedicus.</strong></span> <span class='ocrx_word' id='word_1_11' title='bbox 246 469 307 503; x_wconf 83' lang='lat' dir='ltr'><strong>uum</strong></span> <span class='ocrx_word' id='word_1_12' title='bbox 319 456 342 503; x_wconf 84' lang='lat' dir='ltr'><strong>ai</strong></span> <span class='ocrx_word' id='word_1_13' title='bbox 353 456 419 504; x_wconf 85' lang='lat' dir='ltr'><strong>ratio</strong></span> <span class='ocrx_word' id='word_1_14' title='bbox 432 464 458 505; x_wconf 85' lang='lat' dir='ltr'><strong>ot</strong></span> <span class='ocrx_word' id='word_1_15' title='bbox 469 456 606 519; x_wconf 83' lang='lat' dir='ltr'><strong>prudentia</strong></span> <span class='ocrx_word' id='word_1_16' title='bbox 618 472 700 518; x_wconf 82' lang='lat' dir='ltr'><strong>curas,</strong></span> <span class='ocrx_word' id='word_1_17' title='bbox 852 495 886 510; x_wconf 70' lang='lat'><strong>..</strong></span> 
     </span>
     <span class='ocr_line' id='line_1_4' title="bbox 103 542 695 605; baseline 0.008 -15"><span class='ocrx_word' id='word_1_18' title='bbox 103 557 157 590; x_wconf 87' lang='lat' dir='ltr'><strong>nou</strong></span> <span class='ocrx_word' id='word_1_19' title='bbox 170 543 242 591; x_wconf 88' lang='lat' dir='ltr'><strong>locus</strong></span> <span class='ocrx_word' id='word_1_20' title='bbox 256 542 328 592; x_wconf 82' lang='lat' dir='ltr'><strong>effusi</strong></span> <span class='ocrx_word' id='word_1_21' title='bbox 341 545 391 592; x_wconf 83' lang='lat' dir='ltr'><strong>lutc</strong></span> <span class='ocrx_word' id='word_1_22' title='bbox 408 544 485 592; x_wconf 87' lang='lat' dir='ltr'><strong>muris</strong></span> <span class='ocrx_word' id='word_1_23' title='bbox 498 545 593 594; x_wconf 75' lang='lat' dir='ltr'><strong>arbiter</strong></span> <span class='ocrx_word' id='word_1_24' title='bbox 605 546 695 605; x_wconf 83' lang='lat' dir='ltr'><strong>aufert,</strong></span> 
     </span>
     <span class='ocr_line' id='line_1_5' title="bbox 103 631 837 695; baseline 0.005 -17"><span class='ocrx_word' id='word_1_25' title='bbox 103 631 213 690; x_wconf 82' lang='lat' dir='ltr'><strong>caelum,</strong></span> <span class='ocrx_word' id='word_1_26' title='bbox 221 645 275 679; x_wconf 86' lang='lat' dir='ltr'><strong>nou</strong></span> <span class='ocrx_word' id='word_1_27' title='bbox 282 632 403 691; x_wconf 87' lang='lat' dir='ltr'><strong>animum,</strong></span> <span class='ocrx_word' id='word_1_28' title='bbox 412 639 513 681; x_wconf 84' lang='lat' dir='ltr'><strong>mutant</strong></span> <span class='ocrx_word' id='word_1_29' title='bbox 519 632 562 695; x_wconf 89' lang='lat' dir='ltr'><strong>qur&#39;</strong></span> <span class='ocrx_word' id='word_1_30' title='bbox 569 641 717 683; x_wconf 85' lang='lat' dir='ltr'><strong>transmare</strong></span> <span class='ocrx_word' id='word_1_31' title='bbox 724 642 837 684; x_wconf 84' lang='lat' dir='ltr'><strong>currunt.</strong></span> 
     </span>
     <span class='ocr_line' id='line_1_6' title="bbox 103 720 706 784; baseline 0.007 -18"><span class='ocrx_word' id='word_1_32' title='bbox 103 726 208 767; x_wconf 82' lang='lat' dir='ltr'><strong>strcmra</strong></span> <span class='ocrx_word' id='word_1_33' title='bbox 220 733 268 767; x_wconf 89' lang='lat' dir='ltr'><strong>uos</strong></span> <span class='ocrx_word' id='word_1_34' title='bbox 282 728 384 769; x_wconf 81' lang='lat' dir='ltr'><strong>exercet</strong></span> <span class='ocrx_word' id='word_1_35' title='bbox 394 720 495 780; x_wconf 78' lang='lat' dir='ltr'><strong>inertia,</strong></span> <span class='ocrx_word' id='word_1_36' title='bbox 510 721 617 769; x_wconf 72' lang='lat' dir='ltr'><strong>nauibus</strong></span> <span class='ocrx_word' id='word_1_37' title='bbox 630 730 706 784; x_wconf 84' lang='lat' dir='ltr'><strong>utque</strong></span> 
     </span>
     <span class='ocr_line' id='line_1_7' title="bbox 104 806 836 872; baseline 0.01 -20"><span class='ocrx_word' id='word_1_38' title='bbox 104 806 234 869; x_wconf 75' lang='lat' dir='ltr'><strong>quadrigis</strong></span> <span class='ocrx_word' id='word_1_39' title='bbox 247 807 356 870; x_wconf 88' lang='lat' dir='ltr'><strong>petimus</strong></span> <span class='ocrx_word' id='word_1_40' title='bbox 370 809 436 856; x_wconf 86' lang='lat' dir='ltr'><strong>bene</strong></span> <span class='ocrx_word' id='word_1_41' title='bbox 448 808 539 857; x_wconf 81' lang='lat' dir='ltr'><strong>vivere.</strong></span> <span class='ocrx_word' id='word_1_42' title='bbox 562 809 631 871; x_wconf 91' lang='lat' dir='ltr'><strong>quod</strong></span> <span class='ocrx_word' id='word_1_43' title='bbox 645 810 720 872; x_wconf 84' lang='lat' dir='ltr'><strong>petia,</strong></span> <span class='ocrx_word' id='word_1_44' title='bbox 735 809 836 868; x_wconf 75' lang='lat' dir='ltr'><strong>hicum,</strong></span> 
     </span>
    </p>

    <p class='ocr_par' dir='ltr' id='par_1_4' title="bbox 57 895 741 959">
     <span class='ocr_line' id='line_1_8' title="bbox 57 895 741 959; baseline 0.001 -16"><span class='ocrx_word' id='word_1_45' title='bbox 57 903 88 943; x_wconf 85' lang='lat'><strong>30</strong></span> <span class='ocrx_word' id='word_1_46' title='bbox 104 903 143 943; x_wconf 91' lang='lat' dir='ltr'><strong>est</strong></span> <span class='ocrx_word' id='word_1_47' title='bbox 155 895 267 955; x_wconf 79' lang='lat' dir='ltr'><strong>Ulubris,</strong></span> <span class='ocrx_word' id='word_1_48' title='bbox 283 897 383 944; x_wconf 84' lang='lat' dir='ltr'><strong>unimus</strong></span> <span class='ocrx_word' id='word_1_49' title='bbox 396 898 418 944; x_wconf 89' lang='lat' dir='ltr'><strong>si</strong></span> <span class='ocrx_word' id='word_1_50' title='bbox 430 905 456 945; x_wconf 89' lang='lat' dir='ltr'><strong>te</strong></span> <span class='ocrx_word' id='word_1_51' title='bbox 469 912 523 946; x_wconf 90' lang='lat' dir='ltr'><strong>uon</strong></span> <span class='ocrx_word' id='word_1_52' title='bbox 536 897 623 946; x_wconf 87' lang='lat' dir='ltr'><strong>deficit</strong></span> <span class='ocrx_word' id='word_1_53' title='bbox 634 912 741 959; x_wconf 87' lang='lat' dir='ltr'><strong>aequus.</strong></span> 
     </span>
    </p>
   </div>
   <div class='ocr_carea' id='block_1_3' title="bbox 385 1084 545 1092">
    <p class='ocr_par' dir='ltr' id='par_1_5' title="bbox 385 1084 545 1092">
     <span class='ocr_line' id='line_1_9' title="bbox 385 1084 545 1092; baseline 0.013 -2"><span class='ocrx_word' id='word_1_54' title='bbox 385 1084 545 1092; x_wconf 75' lang='grc'><strong>---</strong></span> 
     </span>
    </p>
   </div>
   <div class='ocr_carea' id='block_1_4' title="bbox 433 1266 494 1315">
    <p class='ocr_par' dir='ltr' id='par_1_6' title="bbox 433 1266 494 1315">
     <span class='ocr_line' id='line_1_10' title="bbox 433 1266 494 1315; baseline 0.016 -1"><span class='ocrx_word' id='word_1_55' title='bbox 433 1266 494 1315; x_wconf 88' lang='grc' dir='ltr'><strong>ΧΠ.</strong></span> 
     </span>
    </p>
   </div>
   <div class='ocr_carea' id='block_1_5' title="bbox 55 1424 839 2722">
    <p class='ocr_par' dir='ltr' id='par_1_7' title="bbox 74 1424 787 1839">
     <span class='ocr_line' id='line_1_11' title="bbox 101 1424 779 1490; baseline 0.004 -18"><span class='ocrx_word' id='word_1_56' title='bbox 101 1424 235 1474; x_wconf 76' lang='lat' dir='ltr'>Fructibus</span> <span class='ocrx_word' id='word_1_57' title='bbox 249 1425 381 1488; x_wconf 75' lang='lat' dir='ltr'>Agrippae</span> <span class='ocrx_word' id='word_1_58' title='bbox 393 1424 497 1485; x_wconf 76' lang='lat' dir='ltr'>Siculis,</span> <span class='ocrx_word' id='word_1_59' title='bbox 513 1441 578 1489; x_wconf 91' lang='lat' dir='ltr'><strong>quos</strong></span> <span class='ocrx_word' id='word_1_60' title='bbox 591 1427 702 1490; x_wconf 81' lang='lat' dir='ltr'><strong>colligis,</strong></span> <span class='ocrx_word' id='word_1_61' title='bbox 717 1426 779 1486; x_wconf 86' lang='lat' dir='ltr'><strong>leci,</strong></span> 
     </span>
     <span class='ocr_line' id='line_1_12' title="bbox 102 1512 663 1577; baseline 0.005 -18"><span class='ocrx_word' id='word_1_62' title='bbox 102 1512 123 1559; x_wconf 85' lang='lat' dir='ltr'><strong>si</strong></span> <span class='ocrx_word' id='word_1_63' title='bbox 136 1520 205 1561; x_wconf 87' lang='lat' dir='ltr'><strong>recte</strong></span> <span class='ocrx_word' id='word_1_64' title='bbox 217 1513 318 1570; x_wconf 84' lang='lat' dir='ltr'><strong>frueris,</strong></span> <span class='ocrx_word' id='word_1_65' title='bbox 333 1528 387 1561; x_wconf 88' lang='lat' dir='ltr'><strong>nou</strong></span> <span class='ocrx_word' id='word_1_66' title='bbox 401 1522 440 1562; x_wconf 84' lang='lat' dir='ltr'><strong>est</strong></span> <span class='ocrx_word' id='word_1_67' title='bbox 452 1521 480 1562; x_wconf 91' lang='lat' dir='ltr'><strong>ut</strong></span> <span class='ocrx_word' id='word_1_68' title='bbox 493 1514 568 1577; x_wconf 79' lang='lat' dir='ltr'><strong>eopia</strong></span> <span class='ocrx_word' id='word_1_69' title='bbox 580 1514 663 1562; x_wconf 87' lang='lat' dir='ltr'><strong>maior</strong></span> 
     </span>
     <span class='ocr_line' id='line_1_13' title="bbox 102 1600 719 1666; baseline 0 -18"><span class='ocrx_word' id='word_1_70' title='bbox 102 1601 134 1649; x_wconf 85' lang='lat' dir='ltr'><strong>cb</strong></span> <span class='ocrx_word' id='word_1_71' title='bbox 146 1600 208 1650; x_wconf 88' lang='lat' dir='ltr'><strong>Iove</strong></span> <span class='ocrx_word' id='word_1_72' title='bbox 221 1600 311 1648; x_wconf 87' lang='lat' dir='ltr'><strong>donari</strong></span> <span class='ocrx_word' id='word_1_73' title='bbox 324 1602 406 1664; x_wconf 80' lang='lat' dir='ltr'><strong>possit</strong></span> <span class='ocrx_word' id='word_1_74' title='bbox 417 1602 471 1650; x_wconf 89' lang='lat' dir='ltr'><strong>tibi.</strong></span> <span class='ocrx_word' id='word_1_75' title='bbox 499 1603 562 1650; x_wconf 89' lang='lat' dir='ltr'><strong>tolle</strong></span> <span class='ocrx_word' id='word_1_76' title='bbox 575 1604 719 1666; x_wconf 84' lang='lat' dir='ltr'><strong>querellas:</strong></span> 
     </span>
     <span class='ocr_line' id='line_1_14' title="bbox 103 1688 759 1751; baseline 0.002 -16"><span class='ocrx_word' id='word_1_77' title='bbox 103 1702 201 1750; x_wconf 83' lang='lat' dir='ltr'>pauper</span> <span class='ocrx_word' id='word_1_78' title='bbox 213 1688 282 1736; x_wconf 90' lang='lat' dir='ltr'><strong>euim</strong></span> <span class='ocrx_word' id='word_1_79' title='bbox 294 1702 347 1736; x_wconf 89' lang='lat' dir='ltr'><strong>non</strong></span> <span class='ocrx_word' id='word_1_80' title='bbox 361 1696 400 1736; x_wconf 87' lang='lat' dir='ltr'><strong>est</strong></span> <span class='ocrx_word' id='word_1_81' title='bbox 413 1688 452 1736; x_wconf 92' lang='lat' dir='ltr'><strong>cui</strong></span> <span class='ocrx_word' id='word_1_82' title='bbox 465 1703 550 1737; x_wconf 88' lang='lat' dir='ltr'><strong>rerum</strong></span> <span class='ocrx_word' id='word_1_83' title='bbox 563 1690 675 1751; x_wconf 79' lang='lat' dir='ltr'><strong>suppetit</strong></span> <span class='ocrx_word' id='word_1_84' title='bbox 689 1704 759 1737; x_wconf 87' lang='lat' dir='ltr'><strong>usus.</strong></span> 
     </span>
     <span class='ocr_line' id='line_1_15' title="bbox 74 1775 787 1839; baseline 0 -14"><span class='ocrx_word' id='word_1_85' title='bbox 74 1785 87 1825; x_wconf 77' lang='lat' dir='ltr'><strong>t</strong></span> <span class='ocrx_word' id='word_1_86' title='bbox 103 1776 124 1823; x_wconf 87' lang='lat' dir='ltr'><strong>si</strong></span> <span class='ocrx_word' id='word_1_87' title='bbox 136 1776 218 1823; x_wconf 85' lang='lat' dir='ltr'><strong>ventri</strong></span> <span class='ocrx_word' id='word_1_88' title='bbox 231 1777 311 1834; x_wconf 87' lang='lat' dir='ltr'><strong>bene,</strong></span> <span class='ocrx_word' id='word_1_89' title='bbox 333 1775 354 1823; x_wconf 88' lang='lat' dir='ltr'><strong>si</strong></span> <span class='ocrx_word' id='word_1_90' title='bbox 368 1776 440 1823; x_wconf 85' lang='lat' dir='ltr'><strong>lateri</strong></span> <span class='ocrx_word' id='word_1_91' title='bbox 453 1783 492 1823; x_wconf 87' lang='lat' dir='ltr'><strong>cst</strong></span> <span class='ocrx_word' id='word_1_92' title='bbox 504 1776 662 1839; x_wconf 77' lang='lat' dir='ltr'><strong>pedibusque</strong></span> <span class='ocrx_word' id='word_1_93' title='bbox 674 1777 734 1836; x_wconf 83' lang='lat' dir='ltr'><strong>tuis,</strong></span> <span class='ocrx_word' id='word_1_94' title='bbox 749 1778 787 1825; x_wconf 89' lang='lat' dir='ltr'><strong>nil</strong></span> 
     </span>
    </p>

    <p class='ocr_par' dir='ltr' id='par_1_8' title="bbox 101 1862 745 2190">
     <span class='ocr_line' id='line_1_16' title="bbox 102 1862 662 1924; baseline -0.002 -14"><span class='ocrx_word' id='word_1_95' title='bbox 102 1862 204 1911; x_wconf 79' lang='lat' dir='ltr'><strong>divitiae</strong></span> <span class='ocrx_word' id='word_1_96' title='bbox 216 1869 337 1924; x_wconf 90' lang='lat' dir='ltr'><strong>poterunt</strong></span> <span class='ocrx_word' id='word_1_97' title='bbox 349 1863 450 1924; x_wconf 75' lang='lat' dir='ltr'><strong>regales</strong></span> <span class='ocrx_word' id='word_1_98' title='bbox 463 1863 560 1911; x_wconf 78' lang='lat' dir='ltr'><strong>addere</strong></span> <span class='ocrx_word' id='word_1_99' title='bbox 571 1863 662 1910; x_wconf 86' lang='lat' dir='ltr'><strong>maius.</strong></span> 
     </span>
     <span class='ocr_line' id='line_1_17' title="bbox 102 1950 745 2013; baseline -0.005 -13"><span class='ocrx_word' id='word_1_100' title='bbox 102 1953 123 2000; x_wconf 92' lang='lat' dir='ltr'><strong>si</strong></span> <span class='ocrx_word' id='word_1_101' title='bbox 135 1951 201 1999; x_wconf 83' lang='lat' dir='ltr'><strong>forte</strong></span> <span class='ocrx_word' id='word_1_102' title='bbox 214 1952 240 1999; x_wconf 91' lang='lat' dir='ltr'><strong>iu</strong></span> <span class='ocrx_word' id='word_1_103' title='bbox 253 1950 337 1999; x_wconf 88' lang='lat' dir='ltr'><strong>medio</strong></span> <span class='ocrx_word' id='word_1_104' title='bbox 350 1950 494 2013; x_wconf 88' lang='lat' dir='ltr'><strong>positorum</strong></span> <span class='ocrx_word' id='word_1_105' title='bbox 507 1950 647 1998; x_wconf 83' lang='lat' dir='ltr'><strong>abstemius</strong></span> <span class='ocrx_word' id='word_1_106' title='bbox 660 1951 745 1999; x_wconf 85' lang='lat' dir='ltr'><strong>herbis</strong></span> 
     </span>
     <span class='ocr_line' id='line_1_18' title="bbox 101 2039 645 2103; baseline -0.002 -14"><span class='ocrx_word' id='word_1_107' title='bbox 101 2041 163 2089; x_wconf 82' lang='lat' dir='ltr'><strong>viris</strong></span> <span class='ocrx_word' id='word_1_108' title='bbox 177 2048 202 2089; x_wconf 90' lang='lat' dir='ltr'><strong>et</strong></span> <span class='ocrx_word' id='word_1_109' title='bbox 214 2041 304 2099; x_wconf 83' lang='lat' dir='ltr'><strong>urtica,</strong></span> <span class='ocrx_word' id='word_1_110' title='bbox 320 2041 357 2088; x_wconf 87' lang='lat' dir='ltr'><strong>aic</strong></span> <span class='ocrx_word' id='word_1_111' title='bbox 370 2040 436 2088; x_wconf 84' lang='lat' dir='ltr'><strong>vivos</strong></span> <span class='ocrx_word' id='word_1_112' title='bbox 449 2039 567 2103; x_wconf 86' lang='lat' dir='ltr'><strong>protinus</strong></span> <span class='ocrx_word' id='word_1_113' title='bbox 580 2047 608 2087; x_wconf 90' lang='lat' dir='ltr'><strong>ut</strong></span> <span class='ocrx_word' id='word_1_114' title='bbox 619 2046 645 2088; x_wconf 91' lang='lat' dir='ltr'><strong>te</strong></span> 
     </span>
     <span class='ocr_line' id='line_1_19' title="bbox 102 2127 706 2190; baseline -0.003 -13"><span class='ocrx_word' id='word_1_115' title='bbox 102 2129 239 2178; x_wconf 83' lang='lat' dir='ltr'><strong>confestim</strong></span> <span class='ocrx_word' id='word_1_116' title='bbox 250 2128 362 2190; x_wconf 81' lang='lat' dir='ltr'><strong>liquidus</strong></span> <span class='ocrx_word' id='word_1_117' title='bbox 374 2129 504 2177; x_wconf 81' lang='lat' dir='ltr'><strong>Fortunae</strong></span> <span class='ocrx_word' id='word_1_118' title='bbox 516 2128 584 2174; x_wconf 83' lang='lat' dir='ltr'><strong>rivus</strong></span> <span class='ocrx_word' id='word_1_119' title='bbox 596 2127 706 2185; x_wconf 87' lang='lat' dir='ltr'><strong>inauret,</strong></span> 
     </span>
    </p>

    <p class='ocr_par' dir='ltr' id='par_1_9' title="bbox 55 2216 839 2630">
     <span class='ocr_line' id='line_1_20' title="bbox 55 2216 679 2280; baseline -0.01 -12"><span class='ocrx_word' id='word_1_120' title='bbox 55 2227 87 2268; x_wconf 81' lang='lat'><strong>1⁰</strong></span> <span class='ocrx_word' id='word_1_121' title='bbox 101 2219 141 2267; x_wconf 89' lang='lat' dir='ltr'><strong>vel</strong></span> <span class='ocrx_word' id='word_1_122' title='bbox 154 2218 215 2280; x_wconf 88' lang='lat' dir='ltr'><strong>quia</strong></span> <span class='ocrx_word' id='word_1_123' title='bbox 225 2224 343 2266; x_wconf 80' lang='lat' dir='ltr'><strong>naturum</strong></span> <span class='ocrx_word' id='word_1_124' title='bbox 354 2224 453 2265; x_wconf 84' lang='lat' dir='ltr'><strong>mutare</strong></span> <span class='ocrx_word' id='word_1_125' title='bbox 465 2217 578 2279; x_wconf 84' lang='lat' dir='ltr'><strong>pecunia</strong></span> <span class='ocrx_word' id='word_1_126' title='bbox 589 2216 679 2275; x_wconf 80' lang='lat' dir='ltr'><strong>nescit,</strong></span> 
     </span>
     <span class='ocr_line' id='line_1_21' title="bbox 101 2303 695 2368; baseline -0.005 -15"><span class='ocrx_word' id='word_1_127' title='bbox 101 2306 142 2354; x_wconf 85' lang='lat' dir='ltr'><strong>vel</strong></span> <span class='ocrx_word' id='word_1_128' title='bbox 155 2306 215 2367; x_wconf 86' lang='lat' dir='ltr'><strong>quia</strong></span> <span class='ocrx_word' id='word_1_129' title='bbox 226 2312 319 2354; x_wconf 86' lang='lat' dir='ltr'><strong>cuncta</strong></span> <span class='ocrx_word' id='word_1_130' title='bbox 331 2312 406 2368; x_wconf 83' lang='lat' dir='ltr'><strong>putas</strong></span> <span class='ocrx_word' id='word_1_131' title='bbox 418 2319 470 2354; x_wconf 84' lang='lat' dir='ltr'><strong>unu</strong></span> <span class='ocrx_word' id='word_1_132' title='bbox 483 2305 575 2352; x_wconf 81' lang='lat' dir='ltr'><strong>virtute</strong></span> <span class='ocrx_word' id='word_1_133' title='bbox 587 2303 695 2351; x_wconf 86' lang='lat' dir='ltr'><strong>minora.</strong></span> 
     </span>
     <span class='ocr_line' id='line_1_22' title="bbox 101 2392 687 2455; baseline -0.007 -13"><span class='ocrx_word' id='word_1_134' title='bbox 101 2394 230 2453; x_wconf 82' lang='lat' dir='ltr'><strong>miramur,</strong></span> <span class='ocrx_word' id='word_1_135' title='bbox 246 2394 267 2442; x_wconf 85' lang='lat' dir='ltr'><strong>ai</strong></span> <span class='ocrx_word' id='word_1_136' title='bbox 280 2392 419 2443; x_wconf 80' lang='lat' dir='ltr'><strong>Democriti</strong></span> <span class='ocrx_word' id='word_1_137' title='bbox 432 2407 511 2455; x_wconf 91' lang='lat' dir='ltr'><strong>pecus</strong></span> <span class='ocrx_word' id='word_1_138' title='bbox 524 2392 577 2441; x_wconf 86' lang='lat' dir='ltr'><strong>edit</strong></span> <span class='ocrx_word' id='word_1_139' title='bbox 588 2392 687 2453; x_wconf 83' lang='lat' dir='ltr'><strong>agellos</strong></span> 
     </span>
     <span class='ocr_line' id='line_1_23' title="bbox 102 2478 839 2545; baseline -0.005 -15"><span class='ocrx_word' id='word_1_140' title='bbox 102 2482 229 2544; x_wconf 87' lang='lat' dir='ltr'><strong>cultaque,</strong></span> <span class='ocrx_word' id='word_1_141' title='bbox 238 2483 298 2530; x_wconf 90' lang='lat' dir='ltr'><strong>dum</strong></span> <span class='ocrx_word' id='word_1_142' title='bbox 305 2496 412 2545; x_wconf 76' lang='lat' dir='ltr'><strong>peregre</strong></span> <span class='ocrx_word' id='word_1_143' title='bbox 418 2490 457 2530; x_wconf 87' lang='lat' dir='ltr'><strong>cst</strong></span> <span class='ocrx_word' id='word_1_144' title='bbox 464 2482 564 2530; x_wconf 85' lang='lat' dir='ltr'><strong>animus</strong></span> <span class='ocrx_word' id='word_1_145' title='bbox 572 2480 628 2529; x_wconf 87' lang='lat' dir='ltr'><strong>siue</strong></span> <span class='ocrx_word' id='word_1_146' title='bbox 635 2493 743 2542; x_wconf 89' lang='lat' dir='ltr'><strong>corpore</strong></span> <span class='ocrx_word' id='word_1_147' title='bbox 750 2478 839 2538; x_wconf 83' lang='lat' dir='ltr'><strong>velox3</strong></span> 
     </span>
     <span class='ocr_line' id='line_1_24' title="bbox 102 2567 759 2630; baseline -0.006 -12"><span class='ocrx_word' id='word_1_148' title='bbox 102 2584 160 2618; x_wconf 92' lang='lat' dir='ltr'><strong>cum</strong></span> <span class='ocrx_word' id='word_1_149' title='bbox 172 2576 200 2618; x_wconf 88' lang='lat' dir='ltr'><strong>tu</strong></span> <span class='ocrx_word' id='word_1_150' title='bbox 211 2571 278 2619; x_wconf 85' lang='lat' dir='ltr'><strong>intor</strong></span> <span class='ocrx_word' id='word_1_151' title='bbox 290 2570 402 2619; x_wconf 78' lang='lat' dir='ltr'><strong>scabiem</strong></span> <span class='ocrx_word' id='word_1_152' title='bbox 413 2576 513 2619; x_wconf 79' lang='lat' dir='ltr'><strong>tuntum</strong></span> <span class='ocrx_word' id='word_1_153' title='bbox 525 2578 551 2618; x_wconf 87' lang='lat' dir='ltr'><strong>ct</strong></span> <span class='ocrx_word' id='word_1_154' title='bbox 563 2568 684 2630; x_wconf 81' lang='lat' dir='ltr'><strong>contagia</strong></span> <span class='ocrx_word' id='word_1_155' title='bbox 696 2567 759 2615; x_wconf 88' lang='lat' dir='ltr'><strong>lucri</strong></span> 
     </span>
    </p>

    <p class='ocr_par' dir='ltr' id='par_1_10' title="bbox 55 2658 718 2722">
     <span class='ocr_line' id='line_1_25' title="bbox 55 2658 718 2722; baseline -0.008 -14"><span class='ocrx_word' id='word_1_156' title='bbox 55 2668 63 2708; x_wconf 91' lang='grc'>1</span> <span class='ocrx_word' id='word_1_157' title='bbox 74 2668 87 2707; x_wconf 75' lang='lat' dir='ltr'><strong>t</strong></span> <span class='ocrx_word' id='word_1_158' title='bbox 101 2658 137 2706; x_wconf 87' lang='lat' dir='ltr'><strong>nil</strong></span> <span class='ocrx_word' id='word_1_159' title='bbox 151 2673 257 2721; x_wconf 81' lang='lat' dir='ltr'><strong>parvum</strong></span> <span class='ocrx_word' id='word_1_160' title='bbox 270 2659 354 2722; x_wconf 84' lang='lat' dir='ltr'><strong>sapius</strong></span> <span class='ocrx_word' id='word_1_161' title='bbox 368 2667 395 2708; x_wconf 82' lang='lat' dir='ltr'><strong>ct</strong></span> <span class='ocrx_word' id='word_1_162' title='bbox 406 2659 490 2709; x_wconf 85' lang='lat' dir='ltr'><strong>adbuc</strong></span> <span class='ocrx_word' id='word_1_163' title='bbox 503 2658 624 2707; x_wconf 81' lang='lat' dir='ltr'><strong>sublimia</strong></span> <span class='ocrx_word' id='word_1_164' title='bbox 637 2670 718 2715; x_wconf 88' lang='lat' dir='ltr'><strong>cures,</strong></span> 
     </span>
    </p>
   </div>
   <div class='ocr_carea' id='block_1_6' title="bbox 633 2764 680 2810">
    <p class='ocr_par' dir='ltr' id='par_1_11' title="bbox 633 2764 680 2810">
     <span class='ocr_line' id='line_1_26' title="bbox 633 2764 680 2810; baseline 0 0"><span class='ocrx_word' id='word_1_165' title='bbox 633 2764 680 2810; x_wconf 81' lang='lat'><strong>19⁸</strong></span> 
     </span>
    </p>
   </div>
   <div class='ocr_carea' id='block_1_7' title="bbox 0 0 983 3117">
    <p class='ocr_par' dir='ltr' id='par_1_12' title="bbox 0 0 983 3117">
     <span class='ocr_line' id='line_1_27' title="bbox 0 0 983 3117; baseline 0 0"><span class='ocrx_word' id='word_1_166' title='bbox 0 0 983 3117; x_wconf 95' lang='lat' dir='ltr'><strong> </strong></span> 
     </span>
    </p>
   </div>
  </div>
 </body>
</html>
