1917 3117
135 170 188 221 266
412 174 585 215 sarmarum

132 331 243 379 audieris
255 330 356 381 melius.
384 338 438 379 tum
449 329 568 379 Vibidius
579 330 713 381 Balatroni

132 419 198 467 “nos
211 419 262 467 nisi
274 420 399 468 damnose
412 419 531 478 bibimus,
546 419 684 468 moriemur
694 420 804 480 inulti;’'

86 514 119 555 35
135 515 160 555 et
172 507 265 555 calices
278 492 366 570 poscri'
374 508 495 555 maiores.
517 515 616 557 vertere
628 509 713 571 pallor

134 603 188 644 tum
201 596 307 659 parochi
319 596 412 644 faciem
425 597 461 647 nil
474 597 511 647 sic
524 598 660 646 metuentis
672 606 700 646 ut
712 597 778 645 acris

134 692 247 747 potores,
262 685 301 732 vel
315 685 384 747 quod
398 684 556 733 maledicunt
569 686 681 745 liberius,
696 687 737 735 vel

133 772 231 821 fervida
243 773 312 834 quod
326 773 418 822 subtile
431 774 574 822 exsurdant
585 774 645 822 vina
657 775 780 837 palatum.

132 861 262 910 invertunt
273 861 396 910 Allifanis
409 862 509 910 vinaria
521 870 576 910 tnta

85 957 119 998 4ο
134 949 252 998 Vibidius
265 950 432 1014 Balatroque,
448 952 542 1001 secutis
556 951 691 1012 omnibus3
709 952 753 1000 imi

134 1038 256 1087 convivae
268 1040 327 1087 lecti
340 1040 450 1089 nihilum
462 1055 574 1090 nocuere
587 1041 696 1103 lagenis.

133 1127 248 1177 adfertur
259 1129 365 1190 squillas
377 1129 445 1178 inter
456 1145 564 1179 murena
577 1132 689 1179 natantis

133 1215 389 1279 inpatinaporreota.
406 1218 882 1282 suhhocerus“haecgravida”inquit

132 1304 225 1368 “capta
237 1314 284 1364 est,
301 1307 411 1355 deterior
425 1315 485 1371 post
498 1315 598 1370 partum
611 1321 688 1357 carne
700 1306 793 1355 futura.

84 1401 118 1443 45
132 1394 171 1441 his
184 1393 292 1441 mixtum
304 1394 343 1442 ius
357 1402 409 1443 est:
430 1395 499 1454 oleo,
516 1396 585 1458 qued
598 1395 680 1458 prima
699 1395 808 1443 Venafri

134 1483 227 1545 pressit
242 1483 324 1541 cella3
340 1497 402 1545 garo
416 1484 449 1533 de
460 1485 529 1532 sucis
540 1484 617 1548 piscis
629 1485 733 1544 Hiberi,

132 1569 192 1618 vino
206 1570 375 1632 quinquenni,
391 1586 478 1621 verum
492 1574 555 1621 citra
567 1587 637 1621 mare
649 1581 721 1632 nato,

133 1660 194 1707 dum
207 1661 325 1722 coquitur
337 1660 424 1723 (coeto
438 1660 532 1710 Chium
543 1662 580 1710 sic
593 1661 712 1710 convenit
724 1668 752 1708 ut
764 1674 819 1709 non

132 1748 182 1796 hoc
195 1749 277 1812 magis
290 1750 371 1798 ullum
384 1750 481 1813 aliud);
496 1751 585 1814 pipere
597 1752 666 1810 albo,
680 1749 878 1799 nonsiueaceto

88 1845 118 1886 50
134 1839 203 1899 quod
216 1838 422 1900 Methymnaeam
435 1839 496 1886 vitio
509 1840 643 1887 mutaverit
654 1852 738 1886 uvam.

134 1941 222 1975 erucas
235 1927 329 1986 viridis,
344 1926 429 1975 inulas
443 1941 492 1989 ego
505 1927 600 1990 primus
613 1942 714 1976 amaras

132 2018 271 2064 monstravi
284 2016 439 2077 incoquere3
460 2016 556 2063 inlotos
570 2015 692 2065 Curtillus
705 2015 821 2075 echinos,

133 2111 161 2151 ut
173 2104 264 2152 melius
275 2104 358 2151 muria
371 2104 440 2166 quod
454 2110 520 2152 testa
532 2104 633 2152 marina
645 2103 783 2152 remittat.²'

133 2192 231 2241 interea
243 2207 370 2255 suspensa
381 2193 465 2254 gravis
479 2194 571 2241 aulaea
583 2192 669 2241 ruinas

88 2290 119 2330 tt
133 2281 160 2329 in
173 2282 287 2345 patinam
299 2282 391 2341 fecere,
407 2282 537 2331 trahentia
549 2282 662 2345 pulveris
675 2282 724 2330 atri

134 2377 258 2432 quantum
270 2385 324 2419 non
336 2370 423 2433 aquilo
437 2369 576 2433 Campanis
589 2370 685 2419 excitat
696 2370 773 2433 agris.

133 2473 182 2507 nos
194 2460 275 2507 maius
289 2459 368 2518 veriti,
385 2466 523 2522 postquem
536 2459 599 2511 nihil
612 2473 669 2508 esse
681 2458 771 2521 pericli

134 2548 268 2607 sensimus,
284 2547 419 2610 erigimur:
440 2547 523 2594 Rufus
536 2547 620 2610 posito
634 2547 725 2609 capite,
741 2547 805 2596 utri

134 2634 201 2683 filius
214 2634 355 2684 inmaturus
370 2636 475 2695 obisset,
490 2636 561 2684 dere.
590 2636 648 2698 quis
661 2642 730 2684 esset
