1917 3117
118 187 172 238 270
374 192 588 232 EPISTULARUM

72 356 103 398 ts
116 349 155 397 ire
167 349 234 396 viam
246 363 298 411 qua
309 355 434 397 monstret
446 363 540 411 eques:
560 350 700 410 venaticus,
715 366 749 400 ex
762 366 816 414 quo

117 445 233 500 tempore
246 437 374 485 cervinam
386 436 481 498 pellem
493 436 595 486 latravit
606 437 634 485 in
647 438 715 496 aula,

117 525 211 574 militet
221 525 249 573 in
261 524 331 572 silvis
344 525 452 572 catulus.
479 539 549 573 nunc
561 525 655 575 adhibe
667 541 732 591 puro

118 621 224 677 pectore
236 613 315 661 verba
326 626 398 675 puer,
413 628 483 661 nunc
496 621 522 661 te
534 614 683 664 melioribus
697 615 768 663 offer.

118 717 170 765 quo
183 703 263 753 semel
275 709 314 750 est
325 701 421 750 imbuta
432 715 532 762 recens,
548 703 658 752 servabit
671 705 777 753 odorem

72 799 103 840 το
117 798 184 840 testa
196 790 248 839 diu.
276 790 369 852 quodsi
381 804 467 839 cessas
480 798 524 840 sut
537 799 656 840 strennue
668 795 759 853 oeteis,

118 894 166 930 nec
178 881 279 930 tardum
292 878 413 942 opperior
423 893 472 927 nec
485 881 696 943 praecedentibus
708 883 787 932 iusto.

400 1085 561 1094 ——.

454 1323 502 1372 III.

117 1499 167 1547 Iuli
179 1499 265 1559 Flore,
281 1501 372 1563 quibus
385 1507 510 1548 terrerum
521 1501 612 1551 militet
624 1502 676 1550 orie

116 1586 240 1636 claudius
253 1588 364 1651 Augusti
377 1589 516 1652 privignus,
532 1590 596 1638 seire
608 1591 709 1639 laboro.

116 1675 252 1724 Thracane
264 1690 310 1724 voe
323 1677 476 1741 Hebrusque
489 1679 566 1726 nivali
579 1679 704 1742 compede
716 1680 824 1736 vinctus,

72 1798 81 1805 -
116 1779 150 1812 au
163 1764 230 1813 freta
242 1764 338 1813 vicinas
350 1765 416 1814 inter
428 1766 654 1827 currentissimos,

89 1862 101 1902 s
116 1867 150 1901 en
164 1854 273 1917 pingues
287 1855 365 1904 Asiae
377 1857 461 1919 campi
475 1857 605 1920 collesque
618 1858 769 1906 morantur?

117 1942 178 2005 quid
186 1943 300 1991 studiose
306 1944 400 1992 cohors
407 1960 514 2008 operum
520 1946 611 1994 struit?
622 1946 671 1994 hoc
681 1961 866 2009 quoquecuro.

117 2030 174 2093 quis
187 2031 236 2080 sibi
248 2046 288 2081 res
301 2039 387 2094 gestae
399 2032 510 2095 Augusti
523 2033 634 2082 scribere
647 2034 742 2082 sumit?

117 2120 186 2168 bella
199 2121 255 2182 quie
270 2127 294 2169 et
307 2135 384 2183 paces
398 2121 506 2184 longum
519 2123 639 2171 diffundit
651 2123 678 2171 in
691 2122 799 2171 aevum?

115 2206 176 2270 quid
189 2208 278 2267 Titius,
293 2207 412 2257 Romans
425 2210 495 2258 brevi
506 2220 626 2259 venturus
639 2212 666 2259 iu
680 2211 745 2260 ora?

71 2301 101 2341 10
115 2293 244 2344 Pindarici
256 2296 336 2345 fontis
350 2298 393 2359 qui
407 2312 460 2346 non
474 2300 600 2362 expalluit
611 2300 725 2356 haustus,

115 2382 231 2432 fastidire
243 2385 313 2433 lacus
326 2393 353 2434 et
364 2387 432 2434 rivos
444 2401 522 2434 ausus
535 2368 646 2451 sponoe.

115 2477 144 2517 ut
155 2471 240 2519 valet?
259 2481 286 2521 ut
297 2474 413 2523 meminit
426 2476 527 2523 nostri?
546 2477 672 2526 fidibusne
685 2477 785 2526 Latinis

114 2555 254 2608 Thebanos
268 2568 356 2623 optare
367 2564 460 2611 modos
472 2564 559 2611 studet
570 2565 674 2627 auspice
686 2580 767 2625 musa,

116 2656 149 2691 an
161 2645 259 2706 tragica
272 2647 385 2698 desaevit
397 2658 422 2699 et
434 2652 591 2714 ampullatur
602 2653 629 2701 in
643 2654 715 2702 arte?
