1917 3117
133 200 185 250 174
445 205 563 244 aronou

133 361 172 409 vel
185 375 243 409 mea
253 375 312 409 oum
324 362 405 410 saevis
418 362 498 424 agitat
509 362 611 411 fastidia
622 362 719 411 verbis:

130 449 244 497 ‘Inachia
255 450 364 512 langues
378 450 462 498 minus
475 465 506 499 ac
519 466 575 512 me;

34 544 36 547 '
81 546 109 587 1⁶
130 538 261 586 Inachiam
273 547 312 587 ter
324 547 401 587 nocte
414 548 496 601 potes,
512 540 572 588 mihi
586 555 688 603 semper
700 541 732 588 ad
746 556 827 589 unum

131 627 216 675 mollis
230 641 303 689 opus.
326 636 415 689 pereat
426 628 494 677 male
508 643 574 691 quae
587 637 612 677 te

130 716 224 765 Lesbia
237 718 368 778 quaerenti
380 724 483 765 taurum
495 718 646 766 monstravit
658 718 774 777 inertem,

130 820 188 853 cum
201 805 261 852 mihi
275 803 344 853 Cous
357 805 459 854 adesset
471 807 607 867 Amyntas,

130 894 201 942 cuius
213 893 240 941 in
252 893 377 941 indomito
390 895 551 943 constantior
562 896 668 958 inguine
680 909 772 944 nervus

78 990 109 1031 20
130 996 208 1045 quam
219 996 286 1029 nova
299 981 407 1030 collibus
420 985 498 1031 arbor
509 984 632 1033 inhaeret.

129 1070 268 1119 muricibus
280 1070 363 1132 Tyriis
379 1071 487 1119 iteratae
499 1074 595 1122 vellera
606 1073 683 1122 lanae

129 1160 170 1207 cui
182 1159 402 1222 properabantur?
420 1160 466 1208 tibi
478 1176 580 1225 nempe,

130 1263 162 1297 ne
176 1247 242 1296 foret
254 1248 369 1311 aequalis
381 1249 448 1297 inter
460 1250 576 1309 conviva,
592 1250 673 1313 magis
687 1265 763 1314 quem

129 1336 245 1398 diligeret
256 1337 348 1385 mulier
360 1351 406 1385 sua
419 1353 496 1401 quam
509 1347 543 1387 te.

78 1432 108 1473 to
129 1440 145 1473 o
158 1439 207 1487 ego
221 1440 273 1473 non
286 1424 364 1485 felix,
379 1440 457 1488 quam
468 1433 496 1474 tu
509 1426 576 1489 fugis
589 1434 617 1476 ut
629 1435 705 1490 pavet
717 1428 782 1476 acris

129 1529 197 1577 agna
210 1514 285 1577 lupos
298 1528 458 1577 capreaeque
470 1516 582 1564 leones.²

423 1721 583 1729 ...κ-

465 1958 539 2006 XIII,

127 2135 241 2184 Horrida
252 2143 389 2197 tempestas
402 2135 503 2184 caelum
515 2136 651 2196 contraxit,
667 2145 693 2185 et
704 2136 799 2185 imbres

129 2226 249 2288 nivesque
262 2223 392 2273 deducunt
404 2224 507 2272 Iovem:
528 2240 597 2273 nunc
613 2239 684 2273 mare
696 2240 765 2273 nunc
777 2226 858 2275 siluas

128 2313 248 2363 Threicio
261 2312 383 2377 aquilone
396 2321 503 2361 sonant:
524 2314 663 2377 rapiamus,
678 2315 768 2374 amice,

128 2404 292 2451 occasionem
304 2403 336 2452 de
349 2402 399 2460 die,
414 2403 526 2465 dumque
539 2403 621 2452 virent
632 2418 719 2466 genua

96 2498 108 2538 o
129 2498 154 2539 st
166 2491 247 2549 decet,
263 2492 375 2540 obducta
387 2491 502 2540 solvatur
514 2492 598 2542 fronte
610 2502 737 2542 sansonis.

128 2586 156 2626 tu
168 2579 227 2627 rina
238 2579 371 2641 Torquato
383 2594 459 2629 move
471 2581 578 2630 consule
590 2596 681 2644 pressa
691 2595 759 2630 meo.

129 2672 213 2715 cetera
224 2667 296 2716 mitte
308 2669 394 2732 loqui:
416 2669 478 2720 deus
492 2670 557 2719 haec
569 2671 680 2720 sortasse
693 2670 806 2743 bepigna
