1917 3117
370 191 583 230 EPISTULARUM

452 507 499 554 VI.

115 703 158 753 Nil
171 704 291 752 admirari
304 717 387 766 prope
400 716 440 750 ree
454 709 493 750 eet
504 715 565 760 una,
580 700 690 760 Numici,

116 793 224 856 solaque
236 806 302 855 quae
315 791 398 855 possit
409 790 495 839 faeere
508 797 533 838 et
545 804 647 838 servare
660 790 771 838 beatum.
842 776 845 781 ⁵

114 882 184 930 hune
195 882 279 929 solem
291 887 316 928 et
328 879 416 927 stellae
429 886 455 927 et
468 879 619 927 decedentia
632 879 708 926 certia

114 978 231 1033 tempora
242 968 380 1017 momentis
393 975 454 1015 eunt
466 967 510 1030 qui
523 967 659 1015 formidine
671 967 746 1015 nulla

87 1067 100 1107 t
114 1057 203 1107 imbuti
216 1063 342 1121 spectent,
369 1056 430 1119 quid
444 1070 534 1104 censes
546 1071 653 1105 munera
664 1054 764 1104 terrae?

115 1145 176 1210 quid
188 1146 266 1193 marie
280 1152 408 1193 extremos
420 1144 521 1193 Arabae
535 1145 639 1192 ditantis
653 1152 678 1193 et
689 1143 788 1192 Indos?

114 1234 226 1284 ludicra:
242 1233 302 1296 quid
315 1233 420 1296 plausus
433 1240 459 1280 et
470 1232 546 1280 amici
559 1233 628 1281 dona
641 1230 763 1292 Quiritis?

115 1337 167 1386 quo
181 1321 323 1385 spectanda
334 1321 422 1379 modo,
438 1336 490 1383 quo
502 1336 580 1370 sensu
592 1321 674 1370 eredis
688 1329 713 1369 et
725 1321 788 1369 ore?

115 1411 159 1475 qui
171 1411 243 1458 timet
256 1410 295 1457 hie
308 1409 423 1468 adversa,
437 1409 492 1458 fere
503 1410 611 1457 miratur
623 1410 715 1458 eodem

71 1507 100 1547 10
115 1513 166 1561 quo
180 1499 284 1561 cupiens
297 1506 386 1560 paeto:
408 1512 489 1561 pavor
501 1506 540 1546 est
551 1498 686 1561 utrobique
698 1499 835 1558 molestus,

113 1585 245 1648 inprovisa
256 1586 331 1634 simul
344 1586 442 1649 speeies
455 1592 574 1634 externat
586 1592 730 1649 utrumque.

114 1673 226 1737 gaudeat
238 1689 271 1721 an
286 1674 381 1734 doleat,
396 1675 484 1737 eupiat
495 1681 633 1734 metuatne‚
649 1676 709 1737 quid
723 1676 755 1722 ad
768 1690 833 1735 rem,

115 1761 145 1821 ei,
161 1762 284 1826 quidquid
297 1763 360 1811 vidit
371 1763 463 1810 melius
476 1763 602 1826 peiusque
615 1779 663 1812 sua
674 1778 730 1826 spe,

115 1851 207 1899 defixis
220 1853 301 1900 oeulis
314 1852 453 1914 animoque
465 1861 492 1900 et
504 1866 612 1915 corpere
625 1851 727 1915 torpet?

70 1948 100 1988 15
115 1940 200 1988 insani
213 1941 315 2003 sapiens
328 1954 423 1988 nomen
436 1942 510 2001 ferat,
526 1955 621 2003 aequus
634 1940 725 2003 iniqui,

114 2030 183 2077 ultra
195 2042 273 2090 quam
285 2029 345 2076 satis
358 2036 397 2077 est
409 2029 527 2078 virtutem
539 2030 561 2077 ei
573 2037 643 2092 petat
654 2030 747 2092 ipsam.

113 2116 122 2164 i
133 2131 211 2174 nune,
225 2124 359 2179 argentum
371 2124 396 2165 et
406 2131 519 2166 marmor
530 2126 601 2167 vetus
613 2132 725 2180 aeraque
737 2126 763 2166 et
771 2119 834 2167 artis

114 2205 223 2267 suspice,
239 2219 297 2252 eum
309 2206 416 2266 gemmis
428 2206 520 2267 Tyrios
533 2206 625 2255 mirare
638 2207 755 2265 eoloree;

114 2293 198 2355 gaude
212 2293 281 2355 quod
294 2301 413 2356 spectant
424 2294 493 2342 oeuli
505 2301 530 2342 te
542 2295 614 2343 mille
625 2295 791 2357 loquentem3

68 2389 99 2429 20
114 2395 194 2429 natue
206 2396 283 2430 mane
294 2381 380 2430 forum
392 2388 417 2430 et
429 2381 589 2444 vespertinus
602 2390 661 2445 pete
674 2392 777 2442 tectum,

115 2483 148 2517 ne
161 2470 219 2533 plue
232 2469 352 2518 frumenti
365 2469 494 2537 dotalibus
508 2478 602 2518 emetat
615 2472 684 2532 agria

114 2556 201 2605 Mutua
214 2565 240 2605 et
252 2557 409 2619 (indignum,
424 2559 494 2621 quod
507 2559 540 2606 sit
552 2559 681 2622 peioribus
695 2560 777 2620 ortua)

113 2644 155 2692 hie
167 2645 211 2692 tibi
225 2645 257 2693 eit
269 2646 354 2708 potius
368 2661 445 2708 quam
457 2655 485 2695 tu
497 2647 621 2696 mirabilia
633 2648 681 2696 itti.
