1917 3117
416 203 504 240 LIBER
520 203 541 240 1.
790 198 840 247 191

117 360 238 409 munifico
251 374 307 409 esse
320 361 387 419 licet,
402 360 479 408 vellet
492 361 574 408 bouus
587 368 665 421 atque
677 359 804 421 benignus

119 463 183 509 esse,
201 449 273 497 daret
286 457 410 511 quantum
423 448 486 496 satis
499 456 574 506 esset,
590 448 703 495 55551151-
712 449 807 496 damno

118 538 288 600 dedecorique
301 538 377 586 foret.
404 552 491 586 verum
503 538 552 584 hoe
565 551 593 585 se
604 537 765 599 amplectitur
777 552 839 596 uno,

117 628 167 675 hoc
180 634 248 674 amat
261 634 286 674 et
300 628 396 684 laudat,
411 627 565 674 ‘matronam
577 626 675 673 nullam
687 627 845 688 egotango.'

73 726 103 766 55
118 724 145 764 ut
157 716 289 777 quondam
300 716 442 774 Marsaeus,
458 722 558 763 amator
570 714 683 776 Originis
693 715 747 773 ille,

118 806 162 868 qui
174 806 283 868 patrium
295 805 388 853 mimae
401 804 482 852 donat
493 804 651 866 fundumque
663 804 803 867 laremque,

117 894 162 942 ‘nil
169 895 294 943 lueritmi’
303 894 387 955 inquit
395 893 461 941 ‘cum
472 893 595 941 uxoribus
606 907 728 954 umquam
740 893 853 941 alienis?

118 997 205 1032 verum
218 991 257 1031 est
269 997 327 1031 cum
340 982 431 1040 mimis,
446 990 486 1030 est
498 996 556 1029 cum
568 981 757 1041 meretricibus3
775 982 844 1030 unde

118 1072 187 1120 fama
197 1072 293 1119 mulum
301 1052 401 1135 gravius
409 1084 486 1132 quam
499 1085 539 1119 res
544 1070 629 1119 trahit.
651 1084 684 1116 an
691 1071 736 1118 tibi
743 1071 846 1119 abunde

73 1169 103 1209 50
119 1175 257 1224 personam
270 1160 332 1208 satis
346 1166 393 1219 est,
408 1173 462 1207 non
474 1159 547 1217 illud,
566 1159 689 1221 quidquid
702 1158 797 1222 ubique

119 1250 207 1307 officie
222 1249 332 1298 eutero?
351 1248 446 1296 bonam
460 1248 600 1311 deperdere
612 1248 716 1305 famam,

118 1351 172 1386 rem
177 1340 256 1401 patris
261 1338 393 1395 oblimare,
401 1337 497 1388 malum
503 1344 541 1384 est
546 1337 707 1398 ubicumque.
717 1336 852 1398 quidinter

119 1428 195 1477 estin
208 1435 334 1485 matrona,
350 1426 445 1473 ancille
457 1439 583 1488 peccesne
596 1425 702 1488 togata?

119 1517 212 1566 Villius
224 1517 251 1565 in
264 1516 359 1564 Fausta
372 1513 460 1563 Sullae
472 1530 561 1577 gener,
575 1515 626 1563 hoc
638 1514 715 1563 miser
726 1529 778 1562 uno

73 1616 104 1656 65
119 1606 224 1654 nomine
237 1607 366 1667 deceptus,
381 1617 480 1666 poenas
500 1604 663 1666 deditusque
676 1617 804 1666 superque

120 1708 197 1756 quam
209 1694 271 1740 satis
285 1700 331 1750 est,
347 1692 440 1754 pugnis
454 1706 542 1740 caesus
555 1692 675 1755 ferroque
687 1692 788 1755 petitus,

120 1783 239 1830 exclusus
252 1781 316 1839 fore,
332 1794 391 1828 cum
407 1780 578 1842 Longarenus
591 1780 659 1829 foret
670 1780 748 1828 intus.

119 1870 179 1918 huic
192 1869 213 1917 si
226 1869 338 1917 mutonis
351 1868 433 1917 verbis
446 1870 516 1916 mala
527 1877 599 1917 tanta
610 1869 705 1917 videnti

121 1960 216 2007 diceret
227 1959 291 2006 haec
304 1957 479 2020 animus‘quid
491 1957 528 2005 vis
536 1957 600 2005 tibi?
612 1958 734 2019 numquid
742 1966 847 2020 egoete

74 2057 105 2097 70
120 2062 214 2110 magno
228 2054 381 2109 prognatum
394 2047 507 2109 deposco
521 2046 628 2094 consule
640 2060 751 2094 cunnum

120 2137 282 2199 velatumque
294 2136 369 2193 stola,
385 2149 443 2182 mea
456 2149 515 2182 cum
527 2134 745 2183 55515111111115511

122 2226 181 2288 quid
194 2224 378 2289 responderet?
390 2224 495 2286 ‘magno
509 2232 581 2287 patre
593 2232 656 2270 nata
667 2224 796 2286 1111511551.ι

121 2324 148 2363 ut
161 2323 257 2377 quanto
270 2315 377 2364 meliora
389 2322 477 2362 mouet
490 2311 683 2376 pugnantiaque
696 2311 750 2360 istis

122 2404 191 2452 dives
205 2404 260 2465 opis
274 2412 365 2452 natura
377 2418 448 2463 suae,
463 2402 525 2450 tusi
538 2402 616 2449 modo
629 2409 699 2449 recte

74 2503 106 2543 15
123 2493 271 2556 dispensare
284 2494 345 2541 velis
359 2506 390 2541 ac
402 2507 456 2540 non
469 2490 594 2553 fugienda
606 2491 723 2552 petendis

120 2581 264 2630 inmiscere.
291 2589 334 2629 tuo
348 2581 407 2629 vitio
421 2594 540 2629 rerumne
553 2579 665 2638 labores,

37 2675 41 2682 '
121 2672 159 2720 nil
172 2671 266 2720 referre
279 2670 371 2734 putas?
390 2684 477 2732 quare,
493 2684 527 2717 ne
539 2669 714 2732 paenitentes,
