1917 3117
149 214 203 265 292
407 214 619 253 nersrunnauar

144 388 210 437 quae
216 378 557 435 mareeonpesoantoausae‚
567 370 628 433 quid
635 376 760 432 temperet
765 383 874 428 annum,

149 461 239 510 stellae
253 470 345 523 sponte
357 474 404 506 saa
415 460 533 507 iussaene
545 466 670 521 vagentur
681 467 707 507 et
718 466 813 516 errent,

150 549 210 613 quid
222 556 322 612 premat
332 548 470 595 obscurum
480 547 566 604 lunae,
576 547 637 609 quid
649 545 763 608 proferat
773 547 874 604 orbem,

150 637 211 701 quid
223 635 284 684 velit
296 642 322 683 et
333 635 414 698 possit
425 648 510 683 rerum
522 633 663 691 eoncordia
675 634 782 692 discors,

51 714 94 723 ‘⁵
104 733 135 775 2⁰
149 724 320 788 Empedocles
334 736 368 770 an
381 721 533 771 Stertinium
545 722 636 770 deliret
647 736 764 771 acumen.

149 827 237 862 verum
249 826 294 860 seu
306 811 385 875 piscis
398 825 444 858 seu
457 825 562 873 porrum
574 817 601 858 et
611 823 691 872 saepe
701 810 823 868 trucidas,

148 908 220 949 utere
231 900 355 962 Pompeio
369 897 500 961 Grospho,
516 905 550 957 et,
565 898 649 960 siquid
661 905 739 960 petet,
753 899 822 946 ultro

150 989 236 1037 defer:
257 989 294 1036 nil
308 986 441 1049 Grosphus
453 987 504 1034 nisi
519 999 606 1034 verum
618 986 702 1034 orabit
714 995 740 1034 et
751 1001 874 1049 aequum.

147 1077 204 1125 vilis
217 1076 357 1125 amicorum
370 1082 407 1123 est
419 1089 534 1133 annona,
550 1074 625 1123 bonis
637 1075 681 1122 ubi
693 1074 754 1137 quid
767 1075 849 1122 deest.

102 1173 133 1213 25
148 1172 278 1214 notamen
291 1164 395 1226 ignores
408 1177 459 1226 qno
472 1163 505 1210 sit
516 1162 635 1210 Romana
646 1163 705 1210 loeo
717 1176 766 1222 res,

148 1252 277 1302 Cantaber
288 1251 428 1314 Agrippae,
444 1249 536 1299 Claudi
549 1252 639 1299 virtute
652 1250 760 1299 Neronis

146 1341 284 1390 Armenius
297 1340 402 1399 cecidit3
423 1340 462 1387 ins
474 1340 659 1402 imperiumque
672 1339 795 1387 Phraates

147 1427 267 1477 Caesaris
280 1428 378 1490 aceepit
389 1428 497 1490 genibus
510 1427 609 1486 minor3
630 1442 707 1476 aurea
719 1427 805 1489 fruges

145 1515 237 1564 Italiae
249 1517 328 1579 pleno
341 1515 458 1565 defundit
471 1514 554 1578 Copia
565 1529 655 1564 cornu.

472 1884 547 1933 XIII.

144 2043 180 2093 Ut
191 2043 395 2107 proficiscentem
408 2045 484 2093 dooui
496 2053 522 2094 te
533 2059 612 2108 saepe
624 2045 728 2107 diuque,

143 2131 263 2194 Augusto
277 2133 369 2181 reddes
381 2132 484 2196 signata
495 2133 635 2192 volumina,
650 2133 720 2191 vini,

145 2220 167 2267 si
180 2220 288 2278 validus,
305 2220 421 2268 silaetns
434 2221 490 2280 erit,
506 2222 528 2270 si
540 2222 651 2284 deniqne
663 2229 767 2284 ponoet3

144 2321 177 2356 ns
190 2307 274 2356 studio
287 2307 369 2355 nostri
382 2320 482 2371 peotes,
498 2309 637 2371 odiumque
649 2309 745 2358 libeliis

117 2403 129 2441 e
145 2395 248 2443 sedulus
260 2395 377 2457 inportes
390 2409 469 2458 opera
480 2397 631 2446 vehemente
643 2396 766 2445 minister.

145 2482 166 2529 si
178 2489 203 2530 te
215 2482 283 2531 forte
295 2496 368 2531 mese
380 2485 464 2545 gravis
476 2493 533 2532 uret
545 2485 648 2534 sarcina
660 2485 772 2542 chartae,

143 2569 237 2617 abicito
250 2570 334 2632 potius
347 2584 425 2632 quam
437 2585 489 2634 quo
501 2573 616 2634 perferre
626 2573 722 2621 iuberis
749 2605 751 2611 ,

60 2708 96 2717 Ὦ
143 2655 252 2704 clitellas
265 2657 334 2705 feras
346 2658 468 2721 inpingas
479 2660 628 2724 Asinaeque
640 2669 775 2722 patemmn
