1917 3117
406 194 495 234 mnu
512 195 545 233 ΙΙ.

69 361 81 400 5
101 352 175 400 illum
187 357 213 399 et
224 352 337 414 parentis
351 352 503 401 crediderim
516 352 555 401 sui

102 440 209 504 fregisse
220 442 343 490 cervicem
354 449 380 490 et
390 442 532 505 penetralis

102 530 227 593 sparsisse
239 539 366 580 nocturno
380 545 470 579 eruore

102 619 224 683 hospitis;
244 618 289 668 illo
301 635 401 669 venene
413 618 513 669 Colcho

103 770 128 811 et
141 761 264 826 quidquid
277 776 386 825 usqunm
397 761 540 825 coneipitur
552 762 625 812 nelos

50 859 81 900 lo
101 851 226 910 tractavit,
241 866 305 914 egro
319 851 362 915 qui
373 851 460 900 statuit
471 864 530 899 meo

102 947 128 989 te
139 940 210 989 triste
222 940 329 1003 lignum,
344 947 369 989 te
383 940 509 988 esdueum

101 1029 129 1077 in
143 1029 239 1077 domiui
252 1035 329 1092 eaput
340 1029 499 1079 inmerentis.

103 1170 165 1235 quid
178 1171 286 1235 quisque
298 1170 358 1221 vitot
369 1186 510 1235 numquam
521 1171 621 1221 homini
633 1174 695 1222 satis

102 1267 205 1311 eentum
218 1268 256 1310 est
268 1261 295 1309 in
308 1261 394 1309 hores.
421 1261 509 1310 nerito
519 1262 667 1325 Bosporum

49 1358 86 1399 15>
102 1349 209 1412 Thynus
223 1350 394 1414 perhorrescit
406 1364 491 1414 neque
504 1351 572 1399 ultre

103 1453 181 1489 essee
192 1439 295 1489 timetve
307 1440 410 1489 aliunde
423 1439 492 1500 feta3

102 1583 176 1633 miles
188 1583 295 1647 sagittas
308 1591 333 1632 et
345 1584 454 1632 celerem
466 1582 555 1645 fugam

101 1673 207 1734 Parthi3
228 1680 332 1721 eotenus
346 1672 455 1721 Parthus
469 1681 494 1721 et
506 1671 600 1721 Italum

101 1764 194 1824 robur3
215 1763 260 1812 sed
272 1762 402 1826 inprovise
414 1762 459 1810 leti
507 1788 510 1794 -

46 1860 80 1902 20
101 1851 139 1900 vis
153 1852 238 1915 repuit
249 1852 381 1915 rapietque
393 1852 487 1915 gentis.

102 2009 181 2058 quam
193 2010 275 2058 poene
287 1994 375 2044 furvae
390 2008 471 2057 regns
483 1994 656 2058 Proserpinae

102 2093 128 2134 et
139 2084 295 2134 indicentem
306 2083 413 2133 vidimus
425 2083 541 2132 Aeaeum

102 2173 229 2237 sedesque
242 2172 365 2221 discretos
378 2174 479 2238 piorum
492 2180 519 2223 et

101 2261 202 2310 Aeoliis
215 2262 306 2310 fidibus
320 2271 469 2327 querentem

47 2413 81 2455 25
102 2402 210 2468 Sappho
224 2404 316 2468 puellis
330 2404 362 2454 de
374 2405 550 2469 popularibus,

103 2500 128 2543 et
139 2502 165 2543 te
178 2501 314 2543 sonantem
326 2493 426 2557 plenius
439 2509 527 2556 aureo,

101 2581 209 2643 Aloeus,
224 2583 322 2647 pleetro
336 2583 400 2631 dure
412 2584 492 2644 navis,

22 2712 25 2718 .
103 2672 168 2721 durs
180 2672 257 2736 luges
269 2674 346 2732 mals,
363 2672 426 2721 dure
439 2673 510 2722 belli.
