1917 3117
397 170 487 206 amun
499 171 520 206 1.
771 169 823 218 307

33 335 84 374 105
100 340 177 387 quem
189 324 312 372 Mandela
324 325 396 384 bibit,
412 340 521 386 rugosus
534 326 630 387 frigore
643 342 734 389 pagus,

100 413 160 476 quid
173 414 267 462 sentire
280 420 363 475 putas,
379 414 440 475 quid
454 415 546 472 credis,
561 415 651 473 amice,
667 416 784 476 precari?

98 501 139 548 ‘sit
152 501 213 548 mihi
227 501 297 564 quod
310 516 379 548 nunc
391 509 438 559 est
449 502 527 550 etiam
539 503 632 561 minus,
643 510 668 550 et
680 503 743 551 mihi
755 505 838 553 vivam

100 591 168 652 quod
182 598 299 653 superest
310 591 373 649 aevi,
390 591 474 652 siquid
488 605 621 653 superesse
634 591 724 639 volunt
736 592 776 639 di:

100 680 132 727 sit
145 681 214 726 bona
226 680 349 727 librorum
362 686 388 727 et
401 680 518 741 provisae
530 679 611 739 frugis
623 680 650 727 in
663 694 761 727 annum

33 777 84 818 110
100 768 183 830 copia,
198 781 249 814 neu
261 767 357 815 fluitem
371 767 462 816 dubiae
479 782 524 829 spo
537 768 663 830 pendulus
675 769 764 816 horae.

100 856 144 903 sed
158 857 220 904 satis
233 863 271 904 est
283 869 357 904 orare
369 855 465 915 Iovem,
482 858 525 918 qui
538 856 613 918 ponit
627 864 652 904 et
664 857 755 916 aufert,

101 945 144 992 det
150 945 234 1004 vitam,
245 945 370 1006 detopes3
386 945 658 1007 aequummianimum
665 945 721 1006 ipse
727 946 835 1007 parabo.

406 1315 519 1363 XVIIII.

99 1476 187 1525 Prisco
201 1477 222 1523 si
236 1477 327 1535 credis,
342 1477 480 1524 Maecenas
494 1477 578 1533 docte,
594 1474 709 1533 Cratino,

101 1566 173 1614 nulla
185 1566 287 1628 plaeere
300 1566 343 1613 diu
356 1579 404 1613 nec
416 1565 499 1612 vivere
512 1565 627 1612 carmina
638 1571 756 1626 possunt,

101 1668 166 1715 quae
178 1654 323 1701 scribuntur
335 1667 417 1715 aquae
429 1654 572 1715 potoribus.
597 1662 626 1700 ut
638 1653 705 1700 male
718 1666 796 1700 sanos

100 1741 217 1803 ascripsit
227 1741 306 1788 Liber
318 1742 409 1803 satyris
421 1741 557 1803 faunIsque
571 1749 670 1803 poetas,

73 1842 85 1881 5
101 1829 160 1877 vina
172 1829 226 1876 sere
239 1829 326 1877 dulces
340 1829 459 1876 oluerunt
471 1843 547 1875 mane
560 1842 689 1876 camenae.

100 1919 217 1967 laudibus
230 1917 344 1978 arguitur
356 1916 408 1963 vini
420 1916 524 1963 vinosus
537 1917 680 1963 Homerus:

100 2007 199 2054 Ennius
211 2007 267 2068 ipse
279 2014 352 2068 pater
365 2019 504 2066 numquam
517 2004 566 2051 ulsi
579 2011 655 2066 potus
668 2005 700 2051 ad
713 2018 785 2050 arma

100 2096 217 2158 prosiluit
229 2094 346 2142 dIcenda.
366 2094 459 2142 ‘sorum
472 2093 611 2154 Putealque
623 2091 731 2139 Libonis

99 2184 228 2232 mandabo
241 2183 326 2242 siccis,
341 2182 452 2230 adimam
464 2188 569 2229 cantare
582 2180 696 2228 severis.¹

54 2282 84 2321 10
100 2273 149 2320 hoc
162 2272 236 2320 simul
250 2272 327 2331 edixi,
343 2286 396 2319 nou
410 2284 542 2319 cessavere
555 2277 648 2331 poetae

100 2368 227 2408 nocturno
241 2367 338 2409 certare
351 2374 431 2417 mero,
447 2366 537 2422 putere
550 2357 652 2404 diurno.

100 2448 179 2511 quid?
198 2448 276 2511 siquis
289 2450 360 2497 voltu
371 2456 444 2496 torvo
456 2447 526 2496 ferus
540 2454 565 2494 et
578 2445 644 2508 pede
656 2445 726 2492 nudo

100 2537 259 2600 exiguaeque
271 2545 348 2600 togae
361 2537 464 2584 simulet
475 2544 576 2586 textore
589 2534 723 2593 Catonem,

99 2627 250 2674 virtutemne
261 2632 437 2689 repraesentet
448 2638 586 2687 moresque
598 2622 724 2671 Catonis?

625 2731 674 2778 20⁶
