1917 3117
387 246 477 285 Lnttttt
488 245 532 284 ΙΙΙ.

89 409 135 457 sub
148 421 209 470 rege
220 406 297 454 Medo
311 406 411 453 Marsus
424 411 450 452 et
461 404 589 467 Appulus,

38 507 67 547 to
89 497 240 545 anciliorum
253 504 278 544 et
290 496 401 543 nominis
418 502 444 542 et
456 501 533 554 togae

90 586 183 634 oblitus
197 593 367 648 aeternaeque
380 584 485 640 Vestae,

90 674 211 724 incolumi
223 674 283 722 Iove
297 683 322 723 et
334 675 398 722 urbe
409 671 502 721 Roma.

76 797 140 876 (hoe
152 826 252 866 caveret
263 831 336 865 mens
349 815 456 879 provida
468 814 559 877 Reguli

91 907 263 956 dissentientis
277 904 470 953 condicionibus

37 1007 68 1047 15
90 996 173 1045 foedis
186 1004 210 1045 et
223 994 492 1070 exemplltrahentiso

90 1100 232 1150 permoiem
244 1084 348 1133 veniens
360 1085 387 1131 in
401 1096 500 1139 nevum,

92 1229 113 1276 si
127 1242 181 1276 non
194 1228 290 1296 periret
302 1224 493 1284 inmiserabilis,
568 1227 592 1270 t

92 1318 193 1381 captiva
205 1318 302 1380 pubes„
314 1316 397 1378 ‘signe
409 1329 458 1377 ego
470 1313 573 1362 Punicis

92 1406 179 1454 adfixa
192 1405 304 1454 delubris
318 1414 343 1454 et
356 1419 427 1453 erma

39 1505 71 1545 20
93 1495 215 1544 militibus
229 1495 284 1544 sine
298 1494 385 1543 ccede'
399 1493 463 1542 dixit

92 1639 207 1701 ‘derepta
218 1638 277 1697 vidi,
293 1636 343 1684 vidi
356 1650 405 1699 ego
418 1635 509 1683 civium

92 1735 190 1776 retorta
202 1736 276 1789 tergo
290 1724 409 1775 bracchia
422 1724 505 1773 libero

93 1824 232 1880 portasque
246 1829 298 1863 non
313 1816 413 1862 clausas
427 1821 451 1861 et
464 1827 526 1861 ervo

92 1906 177 1954 Marte
189 1905 240 1953 ecli
252 1904 377 1967 populata
388 1910 487 1950 nostro.

39 2057 72 2097 25
94 2063 158 2096 auro
171 2061 294 2110 repensus
307 2043 404 2094 scilicet
415 2044 500 2092 acrior

93 2138 168 2186 miles
182 2136 281 2185 redibit.
309 2135 407 2198 flagitio
420 2133 512 2183 additis

95 2227 232 2275 damnum:
253 2239 337 2288 neque
349 2225 456 2272 amissos
470 2223 570 2271 colores

94 2318 157 2365 lana
170 2314 248 2364 refert
260 2314 387 2363 medicata
399 2313 468 2371 fuco,

94 2473 218 2507 nectere
230 2459 317 2516 virtus,
333 2471 391 2505 oum
404 2453 483 2503 semel
496 2452 599 2509 excidit,

41 2557 73 2597 30
95 2556 170 2595 curat
182 2546 272 2608 reponi
285 2545 464 2594 deterioribus.

96 2637 117 2684 si
131 2644 231 2699 pugnat
244 2635 367 2685 extricata
381 2633 466 2682 densis

96 2721 175 2773 cer've
187 2724 279 2787 plagis,
295 2723 342 2772 erit
353 2722 399 2771 ille
412 2720 486 2769 fortis
