1917 3117
409 193 531 231 ulatur.
779 189 833 239 Μ

63 357 94 397 45
109 349 228 410 proxima
240 347 373 412 Campano
386 350 460 412 ponti
473 364 539 411 quae
551 349 648 408 villula,
663 356 758 397 tectum

108 437 235 498 praebuit,
250 446 275 485 et
287 438 394 500 parochi
407 452 473 500 quae
486 438 581 487 debent
594 438 666 500 ligna
678 439 821 500 salemque.

109 526 168 573 hinc
181 526 244 573 muli
257 525 361 589 Capuae
374 527 483 575 clitellas
495 536 610 589 tempore
622 533 732 588 ponunt.

108 615 192 662 lusum
204 616 224 662 it
235 615 383 675 Maecenas,
399 616 536 664 dormitum
555 630 603 677 ego
619 615 813 677 Vergiliusque:

110 717 222 766 namque
234 704 287 766 pila
300 704 376 766 lippis
389 704 522 752 inimicum
534 711 560 752 et
572 704 660 753 ludere
673 704 766 752 crudis.

63 801 93 840 50
108 792 167 839 hinc
179 806 228 840 nos
242 791 344 840 Cocceii
357 793 446 855 recipit
458 793 609 855 plenissima
620 792 690 850 villa,

108 895 175 941 quae
188 895 264 943 super
278 889 317 928 est
329 880 410 928 Caudi
423 895 564 943 cauponas.
591 895 661 927 nunc
673 880 734 927 mihi
751 881 843 942 paucis

108 967 236 1016 Sarmenti
249 983 352 1017 scurrae
369 983 484 1031 pugnam
495 968 626 1030 Messique
638 967 736 1027 Cicirri,

108 1071 189 1116 musa,
204 1058 279 1105 velim
291 1072 417 1105 memores
432 1066 457 1105 et
469 1072 520 1119 quo
533 1065 606 1119 patre
619 1065 693 1104 natus
705 1064 812 1118 uterque

108 1145 245 1192 contulerit
258 1146 318 1193 litis.
345 1146 424 1194 Messi
437 1147 533 1193 clarum
546 1160 627 1208 genus
642 1143 717 1204 Osci3

37 1284 40 1292 ,
65 1242 94 1280 tt
110 1232 238 1282 Sarmenti
252 1235 357 1282 domina
369 1242 467 1283 exstat:
489 1236 522 1282 ab
535 1234 574 1281 his
587 1233 724 1282 maioribus
738 1234 787 1281 orti

109 1322 142 1369 ad
155 1338 268 1385 pugnam
281 1338 380 1371 venere.
409 1323 479 1385 prior
491 1322 641 1371 Sarmentus
653 1322 720 1384 ‘equi
733 1331 757 1370 te

110 1425 165 1460 esse
177 1411 227 1460 leri
240 1412 349 1460 similem
362 1412 442 1459 dico.'
465 1412 585 1470 ridemus,
602 1419 627 1458 et
638 1411 693 1473 ipse

109 1500 219 1548 Messius
231 1501 358 1563 ‘accipio‚’
371 1508 448 1563 caput
460 1508 485 1548 et
497 1507 590 1549 movet.
617 1500 641 1547 ‘o
655 1508 699 1547 tua
712 1514 792 1547 cornu

111 1589 136 1634 ni
148 1588 216 1636 foret-
228 1596 331 1637 exsecto
345 1589 426 1637 frons²
437 1589 530 1651 iuquit,
545 1589 615 1650 ‘quid
628 1589 735 1644 faceres,
751 1602 810 1635 cum

65 1683 95 1723 do
110 1676 147 1722 sic
158 1677 261 1724 mutilus
274 1677 398 1724 minitaris
404 1677 423 1723 ?’
441 1678 518 1725 atilli
530 1678 608 1725 foeda
620 1677 725 1725 cicatrix

110 1771 221 1811 setosam
234 1764 301 1811 laevi
313 1766 423 1812 l'rontem
434 1772 581 1826 turpaverat
592 1766 652 1812 oris.

110 1853 270 1914 Campanum
281 1852 308 1899 in
320 1853 445 1911 morbum,
460 1853 488 1900 in
501 1852 844 1915 faciempermultaiocatus,

109 1949 239 2004 pastorem
251 1941 356 1989 saltaret
368 1941 404 1988 uti
417 1939 532 2002 Cyclopa
543 1941 666 2002 rogabam

20 2091 24 2099 Ι
109 2031 145 2078 nil
157 2031 195 2079 illi
208 2031 279 2077 larva
291 2037 335 2077 aut
347 2029 449 2091 tragicis
463 2043 528 2090 opus
541 2042 599 2075 esse
611 2028 752 2076 cothurnis.

64 2128 93 2166 tt
109 2120 189 2167 multa
202 2118 313 2167 Cicirrus
326 2118 358 2164 ad
372 2117 444 2165 haec.
472 2117 595 2165 donasset
605 2116 691 2164 iamne
703 2125 823 2165 catenam

109 2222 142 2255 ex
153 2216 213 2256 voto
226 2208 344 2265 Laribus,
360 2207 513 2268 quaerebat:
535 2205 619 2253 scriba
631 2206 700 2267 quod
714 2216 788 2264 esset,

109 2296 162 2344 nilo
176 2297 285 2344 deterius
299 2296 419 2343 dominae
431 2296 470 2343 ius
484 2309 555 2342 esse:
576 2295 686 2356 rogabat

109 2385 218 2446 denique
231 2399 276 2431 cur
287 2399 410 2447 umquam
422 2385 538 2446 fugisset,
554 2383 594 2430 cui
607 2383 669 2430 satis
685 2396 738 2431 una

109 2472 183 2520 farris
196 2473 262 2521 libra
273 2474 347 2531 foret,
364 2473 453 2535 gracili
466 2473 503 2520 sic
515 2479 619 2534 tamque
631 2471 735 2534 pusillo.

5 2616 7 2622 7
64 2569 94 2609 70
110 2575 214 2623 prorsus
227 2562 337 2610 iucunde
350 2575 441 2610 cenam
454 2561 618 2624 producimus
630 2560 710 2607 illam.

107 2649 572 2710 tendimushincrectuBeneventum;
587 2650 630 2697 ubi
638 2649 740 2697 sedulus
748 2648 845 2710 hospes
