1917 3117
380 186 471 225 mana
489 187 510 224 1.

73 361 139 409 quae
152 359 225 407 saga,
240 346 296 408 quia
308 351 333 394 to
346 345 445 393 solvere
458 344 590 393 Thessalis

73 450 163 497 magus
176 435 289 494 venenis,
307 435 362 499 quis
375 435 469 497 poterit
481 434 561 481 deus?

73 525 116 571 vix
127 524 262 586 inligatum
274 532 300 572 ta
312 524 419 572 triformi

73 612 188 675 Pegasus
202 613 320 676 expediet
333 613 469 660 chimaera.

389 1003 514 1053 XXVIII.

73 1164 114 1213 Te
126 1164 204 1211 maria
219 1171 244 1212 et
254 1173 338 1213 terrae
350 1177 509 1225 numeroque
522 1163 629 1211 carentis
642 1176 739 1210 arenae

73 1267 221 1302 mensorem
238 1253 366 1312 cohibent,
380 1253 502 1314 Archyta,

74 1342 187 1406 pulveris
200 1342 286 1404 exigui
298 1354 380 1404 prope
392 1341 452 1389 litus
465 1355 544 1404 parva
556 1340 684 1389 Matinum

75 1446 191 1489 munera,
207 1444 255 1478 nec
268 1430 405 1493 quicquam
416 1430 461 1479 tibi
474 1429 582 1492 prodeat

41 1583 54 1622 5
76 1573 202 1622 aetherias
214 1581 352 1637 temptasse
366 1572 456 1620 domos
469 1573 609 1635 animoque
622 1573 762 1621 rotundum

75 1663 230 1725 percurrisse
242 1663 331 1726 polum
342 1663 474 1710 morituro.

76 1752 171 1801 occidit
183 1759 210 1799 et
221 1751 324 1813 Pelopia
337 1751 447 1812 genitor,
463 1750 571 1798 conviva
583 1751 699 1810 deorum,

75 1840 256 1903 Tithonusque
268 1847 379 1888 remotus
391 1839 417 1887 in
430 1853 506 1887 auras

77 1989 102 2031 et
114 1982 182 2030 lovis
195 1982 294 2030 areanis
307 1982 393 2030 Minoa
405 1982 541 2041 adunatus,
563 1982 710 2045 habentque

27 2079 55 2120 10
76 2071 187 2120 Tartara
198 2071 359 2122 Panthoiden
371 2071 463 2119 iterum
476 2069 544 2119 Oreo

77 2161 226 2220 demissum,
242 2160 356 2224 quamvis
369 2161 452 2222 clipeo
466 2159 581 2208 Troiana
592 2160 672 2208 refixo

77 2260 194 2314 tempora
207 2256 312 2298 testatur
326 2249 389 2297 nihil
401 2249 468 2296 ultra

78 2408 170 2442 nervos
185 2401 262 2456 atque
276 2400 359 2440 cutem
371 2391 445 2439 morti
458 2396 623 2438 concesserat
635 2396 715 2447 atrae,

77 2483 162 2531 iudice
174 2491 200 2532 te
220 2495 273 2530 non
287 2481 404 2529 sordidus
419 2486 509 2527 auctor

28 2581 57 2620 15
78 2580 186 2621 naturae
198 2571 312 2633 verique.
341 2569 386 2618 sed
400 2568 485 2615 omnis
497 2580 551 2614 una
562 2573 649 2614 manet
661 2581 716 2614 nox

79 2670 104 2711 et
117 2660 243 2710 calcanda
256 2660 333 2708 semel
346 2658 387 2706 via
399 2657 451 2706 leti.

639 2763 669 2810 3.
