1917 3117
313 183 329 209 κ
414 177 504 215 maa
516 177 549 215 11.
789 174 840 224 247

119 334 194 382 belua
206 342 332 395 cognatos
345 333 448 382 eliserit.
463 334 520 382 illa
532 349 625 397 rogare

119 429 257 485 quartano,
273 436 335 470 num
346 430 455 481 tantum,
470 422 576 470 sufflans
595 438 632 483 se,
646 437 741 486 magna
752 423 850 472 fuisset.

117 511 208 559 ‘maior
220 511 345 558 dimidio?
368 511 439 558 ‘num
451 511 577 559 tantumi'
601 526 659 560 eum
670 511 753 575 magis
765 521 842 574 atque

118 613 147 647 se
159 599 241 662 magis
254 599 363 658 inflaret,
378 599 451 659 ‘non,
467 600 489 647 si
500 608 524 647 te
537 601 643 662 ruperis'
654 600 745 663 inquit,

50 695 104 736 320
118 688 174 751 ‘par
187 688 257 735 eris’
281 688 344 736 haee
358 703 374 736 a
385 696 411 736 te
423 702 477 736 non
490 688 598 737 multum
610 689 708 737 abludit
720 690 816 752 imago.

118 776 185 825 adde
198 785 317 840 poemata
328 791 406 835 nunc,
421 777 471 824 hoe
484 784 531 834 est,
547 777 632 825 oleum
644 778 710 826 adde
723 777 840 825 camino:

119 879 186 928 quae
198 864 277 927 siquis
290 880 368 913 sanus
380 865 449 924 feeit,
464 880 543 913 sanus
555 865 619 913 facis
632 873 657 914 et
668 873 705 913 tu.

120 967 173 1001 non
187 954 245 1001 dieo
259 954 414 1002 horrendam
427 954 545 1002 rabiem?
563 955 615 1002 iam
627 955 724 1003 desine.
750 954 855 1002 ‘cultum

119 1042 243 1091 maiorem
255 1043 354 1091 censu?
371 1050 469 1100 teneas,
485 1042 651 1105 Damasippo,
667 1043 716 1091 tuis
729 1051 764 1091 te.

55 1139 105 1181 325
120 1131 199 1179 ‘mille
212 1131 363 1194 puellarum,
379 1146 517 1194 puerorum
529 1130 599 1179 mille
611 1130 731 1179 furores²

120 1233 137 1267 o
150 1219 231 1267 maior
242 1221 347 1269 tandem
360 1233 450 1283 parcas
463 1219 556 1267 insane
567 1219 669 1267 minori.

403 1405 562 1412 *-

450 1589 511 1638 ΠΠ.

119 1750 197 1799 Unde
209 1759 235 1798 et
247 1763 298 1811 quo
312 1748 418 1797 Catius?
431 1749 494 1796 ‘non
507 1758 545 1797 est
557 1748 618 1797 mihi
630 1758 730 1813 tempus
743 1751 827 1798 aventi

121 1852 218 1902 ponere
232 1837 305 1899 signa
317 1837 389 1884 novis
403 1838 554 1899 praeceptis,
571 1837 659 1899 qualia
670 1838 771 1887 vincent

120 1928 285 1989 Pythagoran
298 1925 428 1987 Anpeique
441 1939 512 1973 reum
524 1925 679 1987 doctumque
691 1925 821 1974 Platona?

123 2024 255 2078 peccatum
268 2014 359 2072 fateor,
375 2029 433 2061 eum
444 2021 470 2062 te
482 2013 519 2061 sic
531 2021 646 2076 tempore
659 2015 732 2062 laevo

94 2115 107 2154 5
122 2103 314 2167 interpellerim.
342 2103 386 2150 sed
401 2102 445 2150 des
457 2101 559 2150 veniam
572 2103 665 2162 bonus,
680 2116 736 2150 oro.

122 2193 214 2255 quodsi
226 2191 384 2240 interciderit
395 2191 441 2239 tibi
452 2206 522 2240 nunc
535 2192 640 2254 aliquid,
656 2200 755 2254 repetes
767 2204 836 2248 mox,

122 2281 176 2329 sive
189 2288 228 2329 est
239 2289 345 2329 naturae
358 2281 408 2328 hoc
421 2280 473 2328 sive
486 2280 556 2337 artis,
571 2279 649 2329 mirus
661 2287 778 2342 utroque.

121 2370 194 2432 ‘quin
206 2371 232 2418 id
246 2378 300 2418 erat
312 2383 399 2428 curae,
415 2383 467 2431 quo
480 2377 556 2431 pacto
570 2376 661 2416 cuneta
672 2376 794 2426 tenerem,

121 2467 211 2521 utpote
224 2459 368 2517 reatensis,
383 2457 454 2507 tenui
466 2471 585 2505 sermone
598 2457 734 2520 peractas?

79 2556 109 2596 10
125 2548 172 2595 ede
184 2547 294 2595 hominis
309 2562 413 2607 nomen,
429 2547 505 2595 simul
518 2555 551 2605 et,
561 2545 692 2594 Romanus
705 2560 738 2593 an
751 2546 856 2609 hospes.

123 2635 187 2696 ‘ipsa
198 2650 296 2684 memor
309 2645 446 2702 praecepta
458 2650 558 2694 canam,
574 2635 701 2684 celabitur
712 2643 810 2685 auctor.
