1917 3117
413 232 536 270 rmum,
787 230 840 280 277

73 397 102 439 lt
116 390 176 452 quid
183 389 244 437 mihi
251 388 343 438 Celsus
350 389 419 452 agit?
429 391 542 439 monitus
549 390 868 453 multumquemonendus,

116 479 226 541 privatus
239 484 267 526 ut
280 484 385 540 quaeret
399 493 461 541 opes
476 486 502 526 et
513 485 619 541 tangere
632 478 693 527 vitet

116 568 219 629 scripto,
233 566 367 615 Palatinus
382 580 558 629 quoecumque
570 567 666 629 recepit
677 567 784 631 Apollo,

116 669 157 715 ne,
173 655 195 701 si
208 654 275 703 sorte
288 669 347 703 suus
361 656 497 718 repetitum
508 656 607 704 venerit
619 655 681 703 olim

115 758 177 806 grex
190 743 273 791 avium
285 744 395 806 plumos,
410 750 513 791 moveat
525 742 656 791 cornicula
668 744 748 791 risum

71 840 101 880 20
115 831 212 879 furtivis
225 832 323 880 nudate
335 831 473 880 coloribus.
500 831 556 894 ipso
569 831 630 893 quid
643 831 740 880 eudes?

117 934 184 982 quae
197 920 385 968 circumvolitas
398 919 472 983 agilis
485 919 591 981 thyma?
603 933 657 968 non
670 921 716 968 tibi
729 934 836 983 parvum

115 1008 255 1071 ingenium,
270 1023 324 1057 non
337 1008 462 1056 incultum
475 1015 514 1056 est
526 1016 552 1055 et
563 1008 671 1071 turpiter
682 1008 791 1057 hirtum:

116 1111 161 1145 seu
174 1097 290 1159 linguam
302 1097 386 1145 causis
400 1097 478 1155 acuis,
495 1111 539 1145 seu
552 1096 631 1145 civico
643 1098 699 1145 iura

115 1186 272 1248 respondere
284 1199 369 1247 paras,
385 1199 431 1233 seu
444 1185 535 1233 condis
548 1185 659 1234 umebile
672 1199 785 1245 eermen,

72 1281 102 1322 25
116 1273 200 1336 prime
212 1272 280 1322 feres
293 1273 405 1321 hederae
416 1272 527 1322 victricis
540 1274 662 1336 praemio.
690 1273 783 1335 quodsi

116 1362 210 1425 frigido
222 1376 340 1410 curarum
351 1361 467 1410 fomente
479 1362 626 1424 relinquere
639 1376 738 1425 posses,

115 1466 167 1514 quo
182 1459 205 1499 te
218 1451 335 1499 caelestis
350 1450 476 1514 sapientie
489 1452 600 1505 duceret,
615 1451 674 1499 ires.

115 1540 165 1588 hoo
179 1554 252 1602 opus,
267 1540 318 1588 hoe
331 1540 442 1588 studium
455 1540 526 1602 parvi
538 1553 706 1602 properemus
719 1546 745 1587 et
757 1538 846 1603 ampli,

116 1629 138 1676 si
151 1628 248 1691 patriae
261 1630 386 1688 volumus,
401 1630 422 1676 si
436 1629 511 1677 nobis
524 1629 608 1677 vivere
621 1629 681 1677 cari.

71 1725 102 1765 30
118 1715 196 1763 debes
211 1716 261 1764 hoo
275 1717 350 1764 etiem
363 1717 511 1775 rescribere,
527 1718 560 1765 sit
573 1718 618 1765 tibi
631 1731 706 1766 curae

117 1811 230 1867 quantoe
242 1805 378 1853 conveniet
389 1806 530 1853 Munatius.
552 1819 586 1852 on
599 1807 667 1854 mule
679 1813 750 1853 sorte

118 1892 201 1955 gratie
212 1893 370 1954 nequiquam
383 1893 435 1940 eoit
447 1900 473 1941 et
485 1894 637 1941 rescinditur
648 1909 679 1941 oo
691 1908 736 1941 vos

118 1995 164 2030 seu
176 1981 274 2029 calidus
288 1981 393 2043 sanguis
406 1996 451 2030 seu
463 1996 549 2030 rerum
561 1982 662 2031 inscitia
673 1989 749 2030 vexet
768 1988 770 1991 '

117 2069 243 2118 indomita
256 2070 354 2118 cervice
366 2070 453 2119 leros?
466 2072 620 2134 ubicumque
632 2072 748 2119 locorum
797 2102 808 2113 --
821 2118 825 2123 .
838 2124 849 2133 ,

71 2166 103 2208 35
117 2158 209 2219 vivitis,
223 2158 325 2222 indigni
339 2159 478 2208 fraternum
492 2174 610 2222 rumpere
622 2158 722 2218 foedus,

118 2248 233 2311 poscitur
243 2248 270 2299 in
283 2256 395 2298 vestrum
413 2249 523 2298 reditum
534 2249 619 2297 votivo
630 2249 746 2296 iuvenco.
