1917 3117
410 526 510 575 XVIII.

100 719 126 769 Si
141 722 206 769 benc
218 728 245 769 te
259 723 327 779 novi,
342 728 448 779 metues,
463 721 602 780 liberrime,
617 721 696 781 Lolli,

100 810 238 857 scurrantis
250 809 361 871 specium
374 810 506 872 praebere,
522 809 653 873 professus
666 811 785 857 amicum.

99 904 128 944 ut
138 905 256 945 matrona
268 897 394 945 meretrici
407 897 495 960 dispar
507 899 555 946 erit
567 905 645 960 atque

100 985 221 1043 discolor,
239 985 318 1034 infido
333 999 434 1034 scurrae
448 986 552 1034 distabit
563 987 669 1033 amicus.

73 1084 85 1123 5
99 1081 138 1122 cst
148 1073 208 1121 hnic
221 1073 347 1121 diversum
359 1074 419 1122 vitio
432 1074 520 1122 vitium
532 1089 613 1137 prope
625 1074 715 1133 maius,

99 1162 222 1224 asperitas
235 1162 342 1223 agrestis
355 1170 382 1210 ct
392 1163 550 1210 inconcinna
564 1163 708 1226 gravisque,

100 1265 165 1313 qnae
178 1264 206 1299 ss
218 1250 381 1298 commendat
391 1257 469 1298 tonsa
480 1258 547 1310 cute,
564 1251 683 1299 dentibus
697 1251 767 1309 atris,

101 1338 162 1386 dum
173 1338 227 1386 voit
238 1338 340 1387 libertas
354 1338 403 1387 dici
416 1352 488 1387 mera
499 1354 609 1401 veraque
622 1340 709 1387 virtus.

100 1428 177 1476 virtus
190 1436 229 1477 est
240 1427 350 1475 modium
363 1427 483 1476 vitiorum
496 1437 522 1476 et
533 1428 661 1490 utrimque
673 1429 815 1476 reductum.

54 1524 85 1565 1o
100 1516 163 1564 alter
174 1516 201 1564 in
214 1516 365 1579 obsequium
378 1516 436 1579 plus
448 1531 532 1579 aequo
545 1531 651 1579 pronus,
671 1517 753 1564 etimi

100 1604 199 1652 derisor
211 1605 279 1663 lecti,
295 1606 332 1653 sic
343 1612 433 1653 nutum
446 1605 528 1653 divitis
541 1606 637 1665 horret,

100 1692 137 1739 sic
149 1692 224 1740 iterat
236 1706 311 1740 voces
325 1700 350 1740 ct
362 1693 440 1740 verba
452 1694 571 1742 cadentia
583 1695 661 1753 tollit,

100 1788 129 1828 ut
141 1793 248 1842 puerum
259 1793 336 1826 saevo
349 1780 439 1827 credas
451 1780 546 1828 dictata
557 1784 682 1843 magistro

100 1866 209 1915 reddere
222 1867 262 1915 val
275 1868 353 1929 portis
365 1867 470 1916 mimum
482 1876 591 1917 tractare
603 1869 744 1917 secundas:

54 1967 85 2008 15
103 1958 169 2004 alter
180 1955 284 2014 rixatur,
299 1956 332 2002 de
344 1955 406 2003 lana
418 1970 495 2019 saepe
508 1957 621 2019 caprina,

99 2050 247 2108 propugnat
258 2044 333 2106 nugis
346 2050 472 2091 armatus:
494 2044 601 2092 ‘scilicet
612 2052 641 2092 ut
652 2059 705 2093 non

99 2133 132 2181 sit
143 2132 206 2180 mihi
219 2132 301 2196 prima
313 2132 375 2180 fidas
389 2141 415 2182 et
426 2147 484 2181 vere
498 2132 566 2195 quod
580 2132 665 2196 placat
676 2140 770 2181 utnon

99 2221 193 2268 acriter
206 2220 329 2270 ciatrem?
348 2220 456 2283 pretium
468 2228 539 2268 aetas
552 2220 633 2268 altera
647 2222 755 2269 sordet?

98 2309 236 2371 ambigitur
243 2309 304 2372 quid
312 2309 396 2357 enim?
408 2307 501 2357 Castor
508 2309 572 2357 sciat
577 2323 610 2357 an
617 2308 743 2358 Dolichos
750 2310 823 2372 plus;

51 2406 83 2447 20
98 2398 266 2446 Brundisium
277 2398 374 2446 Minuci
386 2397 477 2445 melius
490 2397 531 2444 via
544 2397 622 2446 ducat
633 2411 667 2445 an
679 2400 758 2462 Appi.

98 2501 177 2549 quem
190 2486 315 2534 damnosa
327 2485 424 2543 Venus,
435 2499 514 2549 quom
526 2500 650 2549 praeceps
663 2487 721 2535 alea
733 2487 822 2546 nudat,

98 2575 184 2637 gloria
197 2589 273 2636 quem
286 2588 364 2636 supro
374 2575 434 2622 viris
449 2582 473 2623 ct
486 2575 561 2623 vestit
573 2581 598 2623 et
609 2576 709 2637 unguit,

98 2677 177 2726 quem
189 2669 259 2712 tenet
270 2663 369 2726 argenti
382 2663 436 2713 sitis
452 2663 592 2727 inportuna
603 2664 745 2727 famesque,
