1917 3117
377 204 467 243 LIBER
483 204 541 242 1111.

85 362 166 412 flebili
178 377 289 426 sponsae
300 363 450 411 iuvenemve
463 371 564 424 tapnim

87 454 181 516 plorat,
198 460 223 500 et
236 451 294 499 viris
308 452 471 514 animumque
484 466 620 514 moresque

86 556 178 590 aureos
191 541 275 589 educit
288 541 313 588 in
326 549 395 590 astra
407 541 534 604 nigroque

87 631 183 680 invidet
196 629 275 680 Oreo.

31 784 64 824 25
86 774 168 822 multa
180 772 318 821 Dircaeum
331 773 399 822 levat
411 787 474 820 aura
487 787 604 834 cycnum,

87 863 179 922 tendit,
194 863 304 922 Antoni,
320 863 438 925 quotiens
451 862 478 910 in
491 863 557 909 sitos

87 952 194 1001 nubium
206 960 315 1000 tractus:
337 966 386 1014 ego
400 952 455 1014 apis
468 952 586 999 Matinae

87 1056 160 1090 more
172 1042 311 1104 modoque,

88 1191 162 1248 grata
174 1184 301 1247 carpentis
314 1183 402 1247 thyma
414 1197 460 1247 per
473 1184 598 1241 laborem,

33 1284 69 1325 30
90 1274 229 1337 plurimum
242 1274 311 1321 circe
323 1287 413 1321 nemus
427 1273 548 1335 uvidique

89 1363 191 1412 Tiburis
204 1363 272 1425 ripas
286 1376 397 1425 operose
408 1377 502 1425 pervus

90 1452 203 1501 camnine
215 1452 294 1514 fingo.

90 1595 210 1644 concinet
220 1594 318 1642 maiore
331 1602 408 1658 poeta
421 1594 519 1655 plectro

90 1683 236 1743 Caesarem,
251 1683 408 1746 quandoque
420 1683 503 1731 trahet
516 1681 611 1731 ferocis

36 1783 68 1823 35
92 1787 138 1837 per
151 1786 252 1820 sacrum
264 1772 356 1820 olivum
368 1771 459 1820 merite
471 1774 578 1821 decorus

89 1862 184 1910 fronde
197 1861 367 1924 Sygambrosz

91 2019 142 2068 quo
156 2004 219 2052 nihil
233 2004 314 2052 maius
326 2005 449 2054 meliusve
462 2005 536 2053 terris

90 2094 144 2142 fate
157 2095 286 2142 donavere
299 2094 411 2157 bonique
424 2095 474 2142 divi

90 2198 138 2233 nec
152 2184 258 2243 dabunt,
274 2184 388 2246 quamvis
401 2184 508 2232 redeunt
520 2185 547 2231 in
560 2198 650 2232 nurum

36 2284 69 2324 40
91 2281 209 2337 tempora
221 2273 349 2336 priscum:

91 2418 211 2466 concinet
223 2417 359 2479 laetosque
372 2415 425 2465 dios
439 2423 465 2464 et
477 2416 548 2463 urbis

62 2564 66 2570 ,
90 2506 222 2571 pubiicum
235 2506 322 2553 iudum
335 2520 411 2568 super
423 2505 554 2567 inpetrato

90 2595 164 2644 fortis
177 2595 287 2657 Augusti
299 2595 381 2643 reditu
394 2594 531 2656 forumque

91 2685 179 2734 litibus
192 2685 292 2732 orbum.
