1917 3117
115 187 168 237 182
428 190 549 229 EPODON

114 361 205 396 cruore
217 348 308 396 rubros
321 348 446 397 obstetrix
457 362 560 411 pannos
573 348 642 407 lavit,

114 445 251 500 utcumque
261 437 335 486 fortis
348 437 435 485 exsilis
448 452 583 500 puerpera.

114 525 184 589 ‘quid
198 527 322 575 obseratis
336 526 439 573 auribus
451 525 539 573 fundis
551 525 658 588 preces?

116 627 170 663 nou
183 629 247 662 saxa
258 613 334 662 nudis
350 614 469 662 surdiora
480 614 572 662 narius

63 712 94 751 55
114 702 247 767 Neptunus
259 703 312 751 alto
325 703 410 751 tundit
422 703 545 751 hibernus
561 704 627 751 salo.

115 792 212 841 inultus
224 799 253 840 ut
264 800 292 840 tu
305 792 390 840 riseris
404 790 516 854 Cotyttia

115 881 228 943 volgata,
243 894 346 929 sacmm
358 880 432 929 liberi
445 879 589 943 Cupidinis,

116 977 141 1018 et
153 969 280 1032 Esquilini
293 968 409 1032 pontifex
422 969 529 1018 venefici

115 1058 211 1122 inpune
224 1066 252 1106 ut
263 1059 352 1106 urbem
365 1058 470 1106 nomine
482 1058 589 1121 inpleris
601 1058 676 1106 meo?

64 1154 95 1195 60
116 1146 178 1210 quid
190 1147 311 1210 proderat
323 1147 418 1195 ditasse
430 1146 551 1209 Pelignus
568 1161 642 1205 anus,

115 1233 258 1284 velociusve
270 1236 403 1285 miscuisse
414 1235 547 1283 toxicum?

115 1323 162 1373 sed
174 1324 288 1373 tardiora
300 1324 354 1373 fata
366 1331 391 1372 te
403 1324 470 1372 votis
482 1331 603 1383 manent3

114 1411 217 1476 ingrata
228 1412 322 1461 misero
335 1413 387 1461 vita
399 1413 517 1461 ducenda
529 1420 568 1461 est
581 1413 608 1460 in
620 1412 679 1470 hoo,

115 1502 190 1550 novis
202 1507 323 1565 utusque
341 1510 462 1565 suppetas
475 1501 616 1550 laboribus.

61 1598 95 1639 db
117 1597 189 1653 optat
201 1590 313 1653 quietem
326 1591 430 1654 Pelopis
442 1590 515 1638 infidi
528 1597 610 1652 pater,

117 1693 197 1743 egens
211 1679 339 1742 benignae
351 1679 476 1727 Tantalus
489 1692 591 1741 semper
604 1679 685 1741 dapis,

116 1775 190 1832 optat
201 1768 367 1817 Prometheus
380 1767 511 1830 obligatus
523 1767 586 1826 aliti,

117 1866 190 1921 optat
204 1871 323 1921 supremo
336 1857 468 1905 collocare
480 1854 607 1918 Sisyphus

117 1947 144 1995 in
156 1953 246 1995 monte
257 1960 363 1994 saxum:
386 1945 430 1994 sed
443 1952 531 1993 vetant
543 1945 614 2007 legas
626 1944 704 1992 Iovis.

55 2045 96 2085 'lo
117 2037 189 2085 voles
201 2036 279 2083 modo
292 2033 350 2083 altis
364 2034 465 2082 desilire
477 2034 599 2091 turribus,

115 2125 195 2173 modo
208 2138 269 2173 ense
281 2130 370 2186 pectus
382 2122 476 2170 Norico
489 2122 630 2180 recludere,

115 2214 263 2276 frutusque
275 2212 359 2260 vincla
372 2212 468 2274 gutturi
479 2219 568 2259 nectes
582 2218 625 2258 tuo

116 2301 251 2351 fastidiosa
262 2301 341 2350 tristis
354 2299 521 2363 aegrimonia.

119 2391 240 2440 vectabor
251 2390 345 2439 umeris
358 2397 419 2438 tunc
432 2402 482 2450 ego
494 2386 604 2435 inimicia
618 2400 707 2448 eques,

64 2488 98 2528 η
119 2493 244 2542 meaeque
256 2487 324 2527 terra
335 2478 409 2527 cedet
419 2476 583 2525 insolentiae.

120 2582 153 2615 an
168 2581 233 2630 quae
244 2580 347 2615 movere
360 2579 447 2614 cereas
460 2565 595 2626 imagines,

120 2662 149 2702 ut
160 2655 216 2718 ipse
228 2655 295 2703 nosti
308 2654 433 2712 annosus,
448 2661 474 2700 et
487 2653 550 2716 polo
