1917 3117
401 188 490 251 maim
503 214 524 251 1.
772 211 826 263 239

101 375 219 417 naturam
232 370 347 432 expelles
359 369 440 427 sures,
455 376 541 418 tamen
553 384 635 431 usque
647 381 761 420 recurret

54 466 87 506 tt
103 465 129 506 et
141 458 210 506 mala
222 466 368 521 perrumpet
380 458 467 506 furtim
479 458 583 506 fastidia
595 458 693 507 victrix.

102 561 157 595 non
170 548 213 610 qui
226 545 334 596 Sidonio
348 547 504 595 contendere
517 547 625 595 callidus
639 556 708 596 ostro

101 637 184 684 nescit
195 636 351 699 Aquinatem
364 637 480 698 potantia
492 636 588 684 vellera
599 635 694 695 fucum,

102 725 196 772 certius
209 724 318 787 accipiet
330 725 453 772 damnum
465 724 602 787 propiusve
614 724 732 773 medullis

102 827 180 876 quam
193 813 236 876 qui
249 827 303 860 neu
315 813 411 875 peterit
422 827 482 861 vcro
497 812 651 874 distinguere
663 812 766 861 falsum.

56 909 88 951 3⁰
103 916 179 965 quem
192 915 233 949 rcs
246 903 304 965 plus
317 902 396 950 nimiu
410 902 572 950 delectavere
585 903 722 959 secundae,

102 995 213 1038 mutatae
227 990 351 1051 quatient.
380 989 463 1051 siquid
475 989 611 1048 mirabere,
627 976 709 1051 penes

102 1079 204 1127 inritus.
231 1078 292 1141 fuge
304 1092 412 1139 magna:
434 1076 495 1126 iicet
507 1078 554 1126 sub
567 1092 681 1142 paupere
694 1087 761 1127 tecto

103 1181 177 1229 reges
188 1173 215 1215 et
226 1181 315 1229 regum
327 1167 378 1214 vita
396 1181 561 1229 praecurrere
573 1167 678 1215 amices.

103 1271 191 1306 cerrus
203 1270 297 1319 equum
309 1270 397 1319 pugn—a
410 1256 501 1305 melior
513 1258 689 1306 communibus
702 1257 787 1305 herbis·

57 1353 89 1394 35
103 1345 226 1408 pellebat,
242 1345 325 1393 donec
337 1345 421 1392 minor
433 1345 459 1391 in
473 1345 612 1393 certamine
625 1345 704 1407 longo

103 1432 240 1496 inploravit
253 1447 315 1496 opes
328 1432 441 1481 hominis
452 1432 604 1494 frenumque
617 1433 722 1495 recepit.

104 1522 149 1569 sed
162 1527 298 1584 postquam
314 1522 381 1569 victo
394 1521 479 1569 ridens
493 1521 610 1569 discessit
621 1523 653 1569 ab
667 1521 750 1580 hoste,

103 1624 157 1657 non
171 1610 281 1671 equitem
295 1610 380 1667 dorso,
396 1624 449 1657 nun
462 1609 564 1659 frenum
578 1609 676 1672 depulit
689 1623 743 1657 cre.

104 1697 140 1744 sic
154 1697 196 1758 qui
209 1697 358 1759 pauperiem
370 1696 577 1759 verituspotiore
589 1697 700 1744 metallis

57 1793 89 1834 ⁴0
104 1784 221 1833 libertate
234 1792 311 1841 caret,
328 1784 460 1832 donduum
472 1784 542 1832 vehit
554 1785 677 1846 inprobus
691 1794 767 1847 atque

105 1873 197 1922 serviet
208 1881 348 1931 aeternum,
364 1874 424 1934 quia
436 1886 516 1934 parvo
530 1873 628 1920 nesciet
640 1873 685 1920 uti.

104 1962 145 2010 cui
157 1976 211 2009 non
225 1961 359 2009 conveniet
371 1974 418 2008 sua
429 1974 479 2019 res,
494 1967 523 2007 ut
534 1959 635 2007 calceus
649 1960 720 2018 olim,

105 2050 125 2098 si
138 2050 204 2112 pede
215 2049 298 2097 maior
310 2049 364 2108 erit,
379 2049 516 2106 subvertet,
532 2047 554 2095 si
565 2048 657 2107 minor,
673 2056 738 2095 uret.

104 2138 187 2185 laetus
199 2145 269 2185 sorte
281 2144 326 2184 tua
338 2137 405 2185 vives
419 2136 558 2199 sapienter,
574 2134 662 2194 Aristi,

56 2235 90 2276 45
104 2241 152 2275 nec
164 2240 206 2274 me
219 2226 330 2275 dimittes
343 2226 531 2288 incastigatum,
546 2225 590 2272 ubi
602 2224 677 2286 plura

105 2328 197 2376 cogere
210 2329 287 2377 quam
298 2314 359 2363 satis
373 2321 412 2362 est
423 2327 454 2361 ac
466 2328 522 2361 nen
534 2327 636 2361 cessare
647 2312 762 2361 videbor.

104 2405 213 2466 imperat
224 2411 268 2452 aut
280 2403 357 2451 servit
369 2402 478 2450 collecta
491 2403 602 2465 pecunia
614 2401 714 2463 cuique,

105 2498 201 2539 tortum
213 2491 292 2554 digna
304 2491 376 2553 sequi
389 2492 472 2553 potius
487 2505 564 2553 quem
578 2491 670 2538 ducere
683 2489 780 2537 funem.
810 2526 814 2530 ,

105 2579 170 2628 haec
182 2581 228 2628 tibi
240 2579 368 2628 dictabam
381 2589 440 2643 post
452 2580 541 2629 lanum
554 2585 629 2643 putre
641 2578 775 2635 Vacunae,

60 2675 90 2716 et
106 2675 214 2729 excepto
227 2667 296 2729 quod
309 2681 362 2715 non
375 2669 452 2717 simul
463 2683 533 2717 esses
546 2675 630 2716 cetera
643 2667 733 2715 laetus.

148 2768 243 2803 Horatius.
259 2769 289 2804 ed.
299 2770 320 2805 ll.
652 2781 680 2822 19

389 2822 549 2830 ———
